time,buyer,seller,price,qty
0,10,1,85.30886227342252,1
0,11,1,85.30886227342252,1
0,12,1,85.30886227342252,1
0,10,1,84.98329491459805,2
0,11,2,89.92819787366646,5
1,12,2,93.52734039214099,4
2,10,1,95.34548290342408,1
2,2,10,120.8888481173203,2
2,10,3,89.02561324877429,1
2,11,3,89.02561324877429,2
2,12,3,89.02561324877429,1
3,10,1,89.2878652495139,1
3,11,1,89.2878652495139,1
3,12,1,89.2878652495139,1
4,1,10,107.40433797858049,1
4,1,11,107.40433797858049,1
4,1,12,107.40433797858049,1
4,3,11,105.05450434601643,2
4,3,12,105.05450434601643,1
5,10,1,85.12622323280664,1
5,2,12,106.53440306502333,1
6,6,10,102.10913087338477,1
6,7,11,102.10913087338477,1
6,8,12,102.10913087338477,1
6,9,2,102.2084270397803,1
7,1,2,113.4731839910863,1
7,10,2,99.14979259792159,1
8,11,1,89.60106149297783,1
8,12,1,89.60106149297783,1
8,11,1,89.58701393066389,1
8,12,1,89.58701393066389,1
8,2,10,101.82184410332036,1
8,2,11,101.82184410332036,1
8,2,12,101.82184410332036,1
8,2,10,102.04104905245822,2
8,12,3,75.88927041954024,1
8,12,3,75.61151042136309,1
8,2,3,75.3873324754565,2
9,1,10,101.70363592930174,1
9,2,3,75.3927845908101,3
9,11,3,75.21040760388755,2
10,10,1,79.55263440425773,4
10,2,11,117.28402242841284,1
10,3,12,123.39339901633,1
10,3,10,123.63315959595869,3
11,10,2,76.36759262997349,1
11,11,2,76.36759262997349,1
11,12,2,76.36759262997349,1
11,10,2,76.25915246163667,1
11,11,2,76.25915246163667,1
12,1,10,123.72564266479534,2
12,1,11,123.72564266479534,1
12,2,11,110.01954221992119,1
12,2,12,110.01954221992119,2
13,1,3,77.41050601424779,2
13,10,3,77.3259513413026,1
13,11,3,77.3259513413026,1
14,12,1,79.54986002801759,1
14,11,1,79.42975860436135,2
14,11,3,97.36997423942981,2
16,10,6,100.00138908232563,1
16,11,7,100.00138908232563,1
16,12,8,100.00138908232563,1
16,12,9,99.8924463454945,1
17,10,1,79.45528356353974,1
17,11,1,79.45528356353974,1
17,12,1,79.45528356353974,1
17,12,3,99.21564020826838,1
18,1,10,103.34689278593848,1
18,1,11,103.34689278593848,1
18,1,12,103.34689278593848,1
18,2,10,118.38389722182956,1
19,10,3,83.73534476283439,1
19,11,3,83.73534476283439,1
19,12,3,83.73534476283439,1
19,12,3,83.62836909248749,2
20,1,11,118.22411152862607,1
20,1,12,118.22411152862607,1
20,1,10,118.27166158975635,2
20,10,2,98.01651563682864,1
20,11,2,98.01651563682864,1
20,12,2,98.01651563682864,1
20,3,11,101.9927497464252,2
20,3,12,101.9927497464252,2
23,2,10,114.03812247215899,1
23,10,3,90.45141831006008,1
23,11,3,90.45141831006008,1
23,12,3,90.45141831006008,1
24,1,11,112.46233605938664,1
24,1,12,112.46233605938664,1
24,1,10,112.70807757263027,3
24,10,2,78.04957021696782,1
25,10,1,77.8639168031689,1
25,11,1,77.8639168031689,1
25,12,1,77.8639168031689,1
25,11,2,87.88427970600551,1
25,12,2,87.88427970600551,1
25,10,2,87.85085941383895,1
25,11,2,87.85085941383895,1
25,3,10,122.15543475258413,3
26,3,10,105.79948981563656,2
26,3,11,105.79948981563656,2
26,3,12,105.79948981563656,1
28,1,10,103.1417487087188,1
28,1,11,103.1417487087188,1
28,1,12,103.1417487087188,1
28,1,12,103.19670067041459,1
28,2,10,118.37346582469911,3
29,1,10,116.93718301032415,1
29,1,11,116.93718301032415,4
29,10,2,78.46838133319426,1
30,3,10,103.91592324593084,2
30,3,11,103.91592324593084,1
31,1,10,124.13424314172693,1
31,1,11,124.13424314172693,1
31,6,12,108.73009519106262,1
31,6,11,108.77626015097107,1
31,6,12,108.77626015097107,2
31,7,11,108.96091999060485,4
31,8,11,108.96091999060485,4
31,9,11,108.96091999060485,4
32,1,10,123.58739161883483,1
32,2,11,101.32747644326291,1
32,2,12,101.32747644326291,1
32,2,11,101.56984248278225,2
32,3,12,120.16926441806665,5
33,11,1,97.62226086631009,1
33,12,2,96.7030524875413,1
33,3,10,118.1080709492739,1
33,3,11,118.1080709492739,1
33,3,12,118.1080709492739,1
33,3,12,118.3533222987875,1
34,6,10,105.82472206447042,1
34,6,11,105.82472206447042,1
34,7,12,105.82472206447042,1
34,7,12,106.0706947414826,1
34,8,12,106.0706947414826,2
34,9,12,106.0706947414826,2
35,1,12,108.10373789136317,4
38,1,10,113.69342376737379,1
38,1,11,113.69342376737379,1
38,1,12,113.69342376737379,1
38,10,2,83.73876404615322,1
39,11,2,81.35444916287554,1
39,12,3,82.74619673274947,1
40,1,10,102.90904247519754,1
40,1,11,102.90904247519754,1
40,1,12,102.90904247519754,1
40,1,10,102.92349980727492,1
40,1,11,102.92349980727492,1
40,10,3,88.74824207580954,1
42,10,3,95.0927678307967,1
42,11,3,95.0927678307967,1
42,12,3,95.0927678307967,1
43,10,1,83.12636612675945,1
43,11,1,83.12636612675945,1
43,12,1,83.12636612675945,1
43,2,10,108.32016019761684,1
43,2,11,108.32016019761684,1
43,2,12,108.32016019761684,1
43,2,12,108.33498504570284,1
44,10,1,87.72620477480638,1
44,11,1,87.72620477480638,1
44,12,3,82.50799689844214,1
45,3,10,108.76367491723065,1
45,3,11,108.76367491723065,1
45,3,12,108.76367491723065,1
45,3,10,108.80949657766652,1
45,11,6,92.97355291841151,1
45,12,6,92.97355291841151,1
45,10,6,92.96664393820298,1
45,11,7,92.96664393820298,1
45,12,7,92.96664393820298,1
45,12,7,92.93838945158481,1
45,12,8,92.83144451665173,1
45,11,8,92.21530685638194,2
45,11,9,92.21530685638194,3
46,11,1,88.56393293840765,1
46,11,2,77.40473292988791,3
47,10,2,78.40743822943904,3
47,3,10,105.26859894204614,1
47,10,6,89.82922708634314,4
47,11,6,89.82922708634314,1
47,11,7,89.82922708634314,5
47,11,8,89.82922708634314,1
47,12,8,89.82922708634314,4
47,12,9,89.82922708634314,3
47,11,9,89.25934787233479,2
48,2,11,103.4270621620885,1
48,2,12,103.4270621620885,1
48,2,10,103.48442568924985,1
48,6,11,107.23850287097918,2
48,6,12,107.23850287097918,1
48,7,12,107.23850287097918,1
48,7,12,107.42355672156972,2
48,8,12,107.42355672156972,1
48,8,2,108.08653961134506,2
48,9,1,108.38512370373167,2
48,9,5,108.4111223423838,1
49,10,1,78.71133701333514,1
49,11,1,78.71133701333514,1
49,12,1,78.71133701333514,1
49,10,1,78.67571956245962,1
49,11,1,78.67571956245962,1
49,3,5,123.85434333317693,1
50,3,10,103.76096836658395,5
50,12,6,95.54254915543731,1
50,11,6,94.83020013792687,1
50,11,7,94.83020013792687,1
50,12,7,94.83020013792687,1
50,12,8,94.83020013792687,2
50,12,9,94.83020013792687,2
51,10,2,93.50737863241058,2
51,11,2,93.50737863241058,2
51,12,6,88.1127448281637,2
51,12,6,87.07159514350583,4
51,12,7,87.07159514350583,6
51,12,8,87.07159514350583,6
51,4,9,86.94638869200492,2
51,5,9,86.94638869200492,3
51,1,9,85.7125374042428,1
52,2,3,89.63189403801302,1
53,10,2,98.023125345617,2
54,1,10,125.12349431248688,1
54,1,11,125.12349431248688,1
54,1,12,125.12349431248688,1
54,2,11,113.4483332970511,5
54,3,12,118.72707621110085,5
54,6,1,112.0690559502417,1
54,6,4,112.51847780655974,1
54,6,5,112.51847780655974,1
54,6,3,112.75174510685707,2
54,7,3,112.75174510685707,2
54,7,3,112.81010691883489,3
54,8,2,112.86013243513092,2
54,8,2,113.0973680806733,3
54,9,2,113.0973680806733,2
54,9,1,113.1268175776255,3
55,10,2,82.2475944587134,1
55,11,2,82.2475944587134,1
56,1,10,122.19453054759836,1
57,12,1,78.0006610228719,1
57,3,10,126.12646222151403,4
57,3,11,126.12646222151403,1
57,10,6,97.53122383697914,1
57,10,7,97.53122383697914,1
57,10,8,97.53122383697914,1
57,10,9,97.53122383697914,1
58,2,10,112.77898218920731,1
58,10,3,82.81907855175538,2
58,11,3,82.81907855175538,1
59,3,11,107.94806384602111,1
59,3,12,107.94806384602111,1
59,3,11,108.03313592742086,3
60,10,2,98.68614208240315,1
61,1,10,122.49449344536696,1
61,1,11,122.49449344536696,1
61,11,2,89.71806824826989,1
61,12,2,89.71806824826989,1
61,10,2,89.6887069469457,1
61,11,2,89.6887069469457,1
61,12,2,89.6887069469457,1
62,11,2,80.70888881212137,1
62,11,3,91.8895560952663,4
63,10,1,77.93994482215163,1
63,11,1,77.93994482215163,1
63,12,1,77.93994482215163,1
63,12,1,77.82550948723086,2
63,12,2,84.13975772809471,4
63,10,6,98.46632395378018,1
63,10,7,98.46632395378018,1
63,10,8,98.46632395378018,1
63,10,9,98.46632395378018,1
64,1,10,116.4839893906776,1
64,1,11,116.4839893906776,1
64,1,12,116.4839893906776,1
64,2,12,113.91470087083201,1
64,10,3,86.37110816878348,1
64,11,3,86.37110816878348,1
64,12,3,86.37110816878348,1
66,10,3,90.50807712411549,1
66,11,3,90.50807712411549,1
66,12,3,90.50807712411549,1
66,10,3,89.8963920139916,2
67,1,10,111.3356758911983,1
67,1,11,111.3356758911983,1
67,1,12,111.3356758911983,1
67,10,2,85.9699333999852,3
67,10,3,84.84372570470332,2
68,10,1,79.74029092703996,4
68,10,2,83.2212152497751,2
68,11,2,83.2212152497751,3
69,10,1,92.83105112663227,1
69,11,1,92.83105112663227,1
69,12,1,92.83105112663227,1
70,10,1,93.27961877343415,1
70,11,1,93.27961877343415,1
70,12,1,93.27961877343415,1
70,11,1,93.12961028468175,1
70,2,10,119.44843454954845,1
71,2,10,103.15068864866276,1
71,2,11,103.15068864866276,1
71,2,12,103.15068864866276,1
71,3,11,102.27282576922676,1
71,3,12,102.27282576922676,1
71,3,12,102.349667551934,1
71,6,12,114.97486229163805,3
71,6,10,115.31515061723704,3
71,7,10,115.31515061723704,6
71,8,10,115.31515061723704,6
71,9,10,115.31515061723704,1
71,9,11,115.31515061723704,5
73,1,10,102.92829291460855,4
73,10,3,99.20021319389886,1
73,11,3,99.20021319389886,1
73,12,3,99.20021319389886,1
73,11,3,99.08506275825616,2
74,12,1,85.58407606770803,5
74,3,10,101.27841986339533,1
75,10,1,88.59105256433449,1
75,2,11,101.23209501433716,1
75,2,12,101.23209501433716,1
76,10,3,76.85766969916102,1
77,11,1,100.64128281860997,1
77,12,1,100.64128281860997,1
77,11,6,97.16735468600518,1
77,12,7,97.16735468600518,1
77,12,8,97.04962396665921,1
77,10,9,96.58880724832827,1
78,10,1,76.62869148866625,5
78,10,2,93.27835658795169,3
79,2,10,111.02159809154682,1
79,2,11,111.02159809154682,1
79,2,12,111.02159809154682,1
79,3,10,115.43134365032788,1
79,3,11,115.43134365032788,1
80,2,12,104.32678689282272,1
80,2,11,104.40403053092379,1
81,1,11,120.67745394787053,1
81,3,11,107.51078040094131,1
82,2,10,116.69836438211307,1
82,2,11,116.69836438211307,1
82,3,12,121.49459866537,1
82,3,11,121.5715234766351,1
82,3,12,121.5715234766351,2
83,10,3,86.33531668680666,1
83,11,3,86.33531668680666,1
83,12,3,86.33531668680666,1
84,10,1,98.93868696756638,1
84,11,1,98.93868696756638,1
84,12,1,98.93868696756638,1
84,10,1,98.82355788233285,2
85,10,1,84.39205278257019,1
85,11,1,84.39205278257019,1
85,12,1,84.39205278257019,1
85,10,1,84.24924374281805,2
85,2,10,121.06779596777845,1
85,10,3,90.02689485215096,2
86,10,2,100.68433230133934,1
86,11,2,100.68433230133934,1
86,12,2,100.68433230133934,1
86,11,2,100.53460327295755,1
86,11,3,80.06261933459012,3
87,3,11,117.38672352924394,1
89,1,10,117.95805967471851,1
89,1,11,117.95805967471851,1
89,10,2,98.37748665928314,1
89,11,2,98.37748665928314,1
89,12,2,98.37748665928314,1
89,10,2,98.37718465118678,1
89,11,2,98.37718465118678,1
89,3,12,106.05755011070207,1
89,3,12,106.05807207547409,1
89,3,10,106.06287987617816,1
89,6,11,111.33151054946825,1
89,6,12,111.33151054946825,1
89,6,12,111.42766656354961,2
89,6,11,111.76865407949367,1
89,7,11,111.76865407949367,5
89,8,11,111.76865407949367,5
89,9,11,111.76865407949367,1
89,9,12,111.76865407949367,4
90,2,12,105.42844977876713,5
91,1,10,116.69382044950709,4
91,1,11,116.69382044950709,1
92,1,10,123.90422662307024,1
92,6,11,103.80146340460766,1
92,7,12,103.80146340460766,1
92,8,11,103.88443617592992,1
92,9,11,103.88443617592992,1
93,1,10,112.73619674034344,1
93,2,11,121.41193900548014,1
93,2,12,121.41193900548014,1
93,2,11,121.51565496963296,1
93,2,12,121.51565496963296,1
93,10,6,87.97312052226806,1
93,11,6,87.97312052226806,1
93,12,6,87.97312052226806,1
93,12,6,87.97274301214762,1
93,11,6,87.82128398660842,2
93,12,7,87.82128398660842,6
93,10,8,87.36076764567431,2
93,11,8,87.36076764567431,4
93,11,9,87.36076764567431,6
94,2,10,114.540540170891,1
94,2,11,114.540540170891,1
94,2,12,114.540540170891,1
95,10,1,77.00482570986088,1
95,6,12,102.56112485334,1
95,7,12,102.56112485334,1
95,8,12,102.56112485334,1
95,9,12,102.89301593862903,1
96,10,2,96.2423212317849,1
96,11,2,96.2423212317849,1
96,12,2,96.2423212317849,1
96,10,2,96.1001698799662,2
97,10,3,94.2873422230926,3
97,11,3,94.2873422230926,2
98,10,3,94.81222588362925,1
98,11,3,94.81222588362925,1
98,12,3,94.81222588362925,1
98,11,3,94.67073064930185,1
99,11,2,88.43451307288481,1
99,11,3,92.83330276887716,2
99,12,3,92.83330276887716,2
99,11,10,101.29133047009648,1
99,12,11,101.29133047009648,1
100,1,12,119.52587850044927,1
100,1,10,119.60967141863564,2
100,12,3,80.87416867090957,3
100,11,10,101.37512338828287,2
100,12,11,101.37512338828287,4
101,2,12,109.86489334370837,1
101,10,12,101.39607161782946,3
102,1,12,126.3583466488956,2
102,2,12,113.57908721928378,2
102,10,3,80.16666305168681,2
103,1,12,119.89559994049637,3
103,1,3,120.19193274783446,2
103,10,2,99.89538037787815,1
103,11,2,99.89538037787815,1
103,12,6,99.99012869270145,1
103,10,7,99.83051676147696,1
103,11,8,99.83051676147696,1
103,11,9,99.83051676147696,1
104,11,2,81.13346421364886,3
105,2,10,113.7672987761161,1
105,2,11,113.7672987761161,1
105,2,12,113.7672987761161,1
105,2,3,114.15536201612966,2
106,1,3,105.95035024965716,2
106,1,3,106.32125961988305,2
106,10,3,98.35407118527883,1
106,11,3,98.35407118527883,1
106,12,3,98.35407118527883,1
106,10,3,98.31990135451493,1
107,11,2,86.77060167614104,1
107,12,2,86.77060167614104,1
107,11,2,86.63392235308541,1
107,12,2,86.63392235308541,1
107,12,3,92.59912282813738,1
108,1,3,86.90735765873205,2
108,1,6,87.88861549469246,2
108,12,6,87.71958447116415,4
108,12,7,87.4156523015204,1
108,11,7,86.95594865660607,5
108,11,8,86.95594865660607,6
108,11,9,86.95594865660607,3
108,12,9,86.95594865660607,3
110,10,1,101.2344172824609,1
110,11,1,101.2344172824609,1
110,2,10,115.20821482896054,1
110,2,11,115.20821482896054,1
110,3,12,107.25639577163216,1
110,6,10,103.0223992465076,1
110,7,11,103.0223992465076,1
110,8,12,103.0223992465076,1
110,9,10,103.19132409027294,1
111,1,10,124.103547234198,5
112,1,10,112.1200855219542,2
112,1,11,112.1200855219542,1
112,10,2,99.34866454957628,1
112,11,2,99.34866454957628,1
112,12,2,99.34866454957628,1
112,3,11,122.95685583897459,1
112,3,12,122.95685583897459,2
112,3,10,123.11839395455917,2
113,2,10,112.82563159407923,1
113,2,11,112.82563159407923,1
113,12,3,83.1907515343437,1
113,12,3,82.28591457981992,4
114,10,1,80.58248804552254,1
114,11,1,80.58248804552254,1
114,12,2,100.5336921959601,1
114,12,2,99.60180440662373,2
114,3,12,122.21133151911911,1
114,3,11,122.41325416359982,3
115,1,10,125.15482380821396,1
115,1,11,125.15482380821396,1
115,1,12,125.15482380821396,1
115,1,11,125.36633615016879,2
116,10,1,80.62236880998024,3
116,2,11,116.61386198910745,1
117,2,11,118.47338913573998,2
117,10,6,100.36963398603609,1
117,11,7,100.36963398603609,1
117,12,8,100.36963398603609,1
117,10,9,100.14093561896317,1
118,10,2,83.8210573737568,4
118,10,3,95.29669978410442,1
118,11,3,95.29669978410442,3
119,1,10,118.70163855314834,1
119,2,10,121.8569542046153,1
119,2,11,121.8569542046153,2
119,2,12,121.8569542046153,1
119,10,3,94.69382134740815,1
120,1,10,124.22004541597502,1
120,1,11,124.22004541597502,1
120,1,12,124.22004541597502,1
122,10,3,98.87156279849268,1
122,11,3,98.87156279849268,1
122,12,3,98.87156279849268,1
122,11,3,98.8370300628705,1
122,12,3,98.8370300628705,1
123,10,1,98.24369439940108,1
123,11,1,98.24369439940108,1
123,12,2,86.15426232493775,1
123,11,2,85.92049193106476,3
123,3,10,118.33518809665433,1
124,11,1,85.81454018575458,3
124,12,1,85.81454018575458,1
125,1,10,116.4687119658139,1
125,10,2,98.35496825811867,2
125,6,11,101.9235963389846,1
125,7,12,101.9235963389846,1
125,8,11,101.93131898200775,1
125,9,12,101.93131898200775,1
126,10,3,100.93915134795755,1
126,11,3,100.93915134795755,1
127,2,10,124.81397889363181,1
127,2,11,124.81397889363181,1
127,12,3,95.89088364871708,1
127,11,3,95.84685989756221,1
128,10,1,84.40551089378206,1
128,11,1,84.40551089378206,1
128,12,1,84.40551089378206,1
128,11,2,100.95129547209623,1
128,12,2,100.95129547209623,1
128,12,3,83.33615984051852,1
128,12,3,83.1600648358991,2
129,3,10,125.77572380765369,1
129,3,11,125.77572380765369,1
129,3,12,125.77572380765369,1
129,3,12,125.7831336208719,1
129,3,12,125.82553071240064,1
130,2,1,102.30457848452563,4
130,3,1,111.25494871861272,1
130,3,12,111.32950874759237,4
131,3,10,102.25697306036903,1
131,3,11,102.25697306036903,1
131,3,12,102.25697306036903,1
131,3,12,102.44979780115295,2
132,1,12,107.26233979562446,2
132,1,2,108.14312117772533,2
132,10,3,79.06745343194203,1
132,11,3,79.06745343194203,1
132,12,3,79.06745343194203,1
132,10,3,79.01895708920166,1
133,10,2,82.6748601840103,1
133,11,2,82.6748601840103,2
133,12,2,82.6748601840103,1
135,1,10,105.14538533091022,1
135,1,11,105.14538533091022,1
135,1,12,105.14538533091022,1
135,1,3,105.16638050838452,1
135,2,3,110.75181888945416,2
136,1,10,123.32754121824743,1
136,1,11,123.32754121824743,1
136,10,3,79.52470098921515,1
136,11,3,79.52470098921515,1
137,10,1,77.9179036999559,1
137,11,1,77.9179036999559,1
137,12,1,77.9179036999559,1
137,12,1,77.9162835943171,1
137,12,3,81.64106752600159,1
137,12,3,81.46507307381947,4
137,6,12,109.67239321202723,1
137,6,3,109.69863718387009,2
137,7,10,109.72210015544485,2
137,7,11,109.72210015544485,1
137,8,11,109.72210015544485,1
137,8,12,109.72210015544485,2
137,9,2,110.76494218539963,2
137,9,3,110.89659971782206,1
138,12,2,93.67828568601993,2
138,12,2,92.97500455968304,2
139,10,2,97.69921014747781,2
139,11,2,97.69921014747781,2
139,6,10,102.72776281868107,1
139,7,11,102.72776281868107,1
139,8,12,102.72776281868107,1
139,9,1,103.38485169936843,1
141,3,10,105.3100396402433,5
142,10,1,78.05464049999297,1
142,2,10,119.84024287339163,1
144,1,10,118.38042136541398,1
144,1,11,118.38042136541398,1
144,10,3,100.09548834537159,1
144,11,3,100.09548834537159,1
146,1,10,108.77389844788448,1
146,1,11,108.77389844788448,1
146,1,12,108.77389844788448,1
146,2,12,123.08792060103383,1
146,2,11,123.11896065795221,1
146,2,12,123.11896065795221,1
147,10,1,91.29878510195346,1
147,11,2,97.21539818152243,1
147,12,2,97.21539818152243,1
147,12,2,97.21349989566937,1
147,11,3,83.35706468612659,1
147,12,3,83.35706468612659,1
147,12,3,83.31318226707424,2
148,3,10,113.44524395918954,1
148,3,11,113.44524395918954,1
148,3,12,113.44524395918954,1
148,3,10,113.60583140069474,1
148,3,11,113.60583140069474,1
149,1,10,110.645971366554,1
149,1,11,110.645971366554,1
149,1,12,110.645971366554,1
149,10,3,77.65632824895097,1
149,11,3,77.65632824895097,1
149,12,3,77.65632824895097,1
149,6,11,102.18209947515305,1
149,7,11,102.18209947515305,1
149,8,11,102.18209947515305,1
149,9,11,102.18209947515305,1
149,10,11,102.16045411619007,1
149,10,12,102.16045411619007,6
150,10,1,82.52590618451823,1
150,11,1,82.52590618451823,1
150,11,3,92.67657190740684,1
151,11,1,88.20833975178274,2
152,10,1,82.1659221800685,2
152,11,1,82.1659221800685,1
152,11,3,92.01385304145046,1
152,12,3,92.01385304145046,2
152,11,3,91.85282235181663,1
152,11,6,88.32660121718439,3
152,12,6,88.32660121718439,3
152,12,7,88.32660121718439,5
152,4,7,87.23354615883362,1
152,4,8,87.23354615883362,1
152,5,8,87.23354615883362,1
152,12,8,87.17615334478936,4
152,12,9,87.17615334478936,6
153,10,1,81.44058150720946,1
153,11,1,81.44058150720946,1
153,12,1,81.44058150720946,1
153,12,1,80.08884527277215,1
153,12,3,87.9302865743997,2
153,4,6,92.26389540800642,1
153,5,6,92.26389540800642,1
153,2,6,92.10209647070621,2
153,3,7,91.99527295991213,2
153,3,7,91.71082838515024,2
153,3,8,91.71082838515024,1
153,1,8,91.68792005534829,1
153,3,8,91.37403750052772,1
153,1,8,91.02930862545344,1
153,1,9,91.02930862545344,3
153,3,9,90.95203455235881,1
154,2,10,103.27793749713743,1
154,3,11,114.10338644777502,1
154,3,12,114.10338644777502,1
154,3,1,114.32986516393413,2
155,3,10,128.02310609346364,1
155,3,11,128.02310609346364,1
155,3,12,128.02310609346364,1
155,10,6,95.41627173188967,1
155,11,6,95.41627173188967,1
155,12,6,95.41627173188967,1
155,4,7,94.1345524390666,2
155,5,7,94.1345524390666,1
155,3,8,92.81962865304601,3
155,1,9,92.61555723394649,1
155,2,9,92.5903294857809,1
155,2,9,92.32467657679655,1
156,10,2,98.58604471469923,1
156,3,1,108.79924681321148,1
156,3,1,109.5335903340335,1
157,11,3,88.46739459943886,1
157,12,3,88.46739459943886,1
157,5,3,87.29712215326379,1
157,1,3,86.069041817488,1
158,4,3,88.22095974114895,1
158,5,3,88.22095974114895,2
158,1,3,87.0773377262723,1
158,2,3,86.38252461960543,1
160,10,1,101.55876363864259,2
160,11,3,82.88142235188832,2
160,12,3,82.88142235188832,1
161,1,10,107.60724424169734,1
161,3,11,119.7716777221433,1
161,3,12,119.7716777221433,1
161,3,10,119.81498968157877,2
162,10,2,97.17007733761515,1
162,11,2,97.17007733761515,1
162,12,2,97.17007733761515,1
162,10,2,97.15531380856152,1
162,3,11,121.290652927048,1
163,3,10,123.2756459709139,1
163,3,11,123.2756459709139,1
163,3,12,123.2756459709139,1
163,3,11,123.318915629728,1
164,10,1,100.81118530726866,1
164,11,1,100.81118530726866,1
164,12,1,100.81118530726866,1
164,2,12,105.01476888230357,2
164,2,1,105.92236024086743,1
165,3,10,116.63455704570013,1
165,3,11,116.63455704570013,1
165,3,12,116.63455704570013,1
165,3,1,117.58541541928926,2
165,6,1,105.91631967344406,1
165,7,3,105.9454136743164,1
165,8,3,105.9454136743164,1
165,9,3,105.9454136743164,1
166,10,1,85.63672344758842,1
166,11,1,85.63672344758842,1
166,12,1,85.63672344758842,1
166,11,2,85.96231172418113,1
166,12,2,85.96231172418113,1
167,1,10,110.49396190698505,5
167,12,2,83.05214469072271,1
167,10,2,82.81592822586441,4
169,10,1,83.45316741807616,1
169,2,10,114.687260454543,2
169,2,11,114.687260454543,2
170,10,2,92.04155961891908,1
171,1,10,105.5169342954351,1
171,1,11,105.5169342954351,1
171,2,12,115.6959975953113,1
171,6,12,108.39818127303488,2
171,7,10,108.6418692854891,2
171,8,10,108.6418692854891,2
171,9,10,108.6418692854891,2
172,1,10,123.10510411293288,1
172,1,11,123.10510411293288,1
172,1,12,123.10510411293288,1
172,11,2,86.52192254539534,1
172,12,2,86.52192254539534,1
172,10,2,86.46022827063418,1
172,11,2,86.46022827063418,2
172,12,3,96.22560094669947,2
173,2,10,121.5438096783559,1
173,2,11,121.5438096783559,1
173,10,3,85.47067206460918,2
174,3,12,103.65795483490051,1
175,1,10,103.9714038358174,1
176,1,10,108.64555440988994,2
176,1,11,108.64555440988994,2
176,10,2,95.88375439763104,1
176,11,2,95.88375439763104,1
176,12,2,95.88375439763104,1
176,10,6,101.75434337465293,1
176,10,7,101.75434337465293,1
176,10,8,101.75434337465293,1
176,11,9,101.75434337465293,1
177,11,2,95.7135991917246,2
177,12,2,95.7135991917246,3
177,10,3,81.3077954208645,2
178,10,2,90.95499733073962,1
178,11,2,90.95499733073962,1
178,12,2,90.95499733073962,1
178,10,2,90.66100058821519,2
179,1,10,114.45850406375482,1
179,1,11,114.45850406375482,1
179,1,12,114.45850406375482,1
179,1,12,114.51600879691634,2
179,10,2,85.20549416270299,1
179,11,2,85.20549416270299,1
179,12,3,98.57951914698864,1
179,10,3,98.27020177565126,2
181,10,3,93.11694072624589,2
181,10,6,88.9335932310311,1
181,11,6,88.9335932310311,3
181,12,6,88.9335932310311,2
181,12,7,88.9335932310311,1
181,11,7,88.7002175544445,5
181,11,8,88.7002175544445,6
181,11,9,88.7002175544445,1
181,12,9,88.7002175544445,5
182,10,1,81.752345859335,1
182,11,1,81.752345859335,1
182,12,1,81.752345859335,1
183,2,10,110.95252189706801,1
183,2,11,110.95252189706801,1
183,2,12,110.95252189706801,1
183,10,3,79.2006501161928,1
183,6,11,107.32844864788166,2
183,7,11,107.32844864788166,2
183,8,11,107.32844864788166,2
183,9,11,107.32844864788166,2
184,1,11,107.1337093706405,4
184,1,12,107.1337093706405,1
184,10,2,82.47359880909292,1
184,3,12,125.21439840892353,2
185,11,1,99.43857523983914,1
186,12,1,85.69587581968779,1
186,11,1,85.6922293247411,1
186,12,1,85.6922293247411,1
186,12,1,85.3859237492212,2
186,2,10,117.51030312519997,1
186,2,11,117.51030312519997,1
186,2,12,117.51030312519997,1
186,2,10,117.566616652963,2
187,12,2,93.0430185215018,2
187,3,10,117.96090892695062,1
187,3,11,117.96090892695062,1
187,6,12,108.71554137213263,1
187,6,10,108.78593328183644,1
187,6,11,108.78593328183644,1
187,7,11,108.78593328183644,2
187,7,12,108.78593328183644,1
187,8,12,108.78593328183644,2
187,8,12,109.01118739288856,1
187,9,12,109.01118739288856,3
188,2,12,121.81743353235018,4
188,10,3,89.17007204597911,3
188,11,3,89.17007204597911,1
189,11,1,99.75988163751882,2
189,12,1,99.75988163751882,3
189,12,2,81.95686535778628,2
189,3,10,115.58987821650885,2
189,3,11,115.58987821650885,2
189,3,12,115.58987821650885,1
190,2,12,108.21037861865315,1
190,2,12,108.45467384807962,1
190,2,3,108.53416244581516,2
190,2,1,108.6353190086144,1
190,3,1,124.57490429782021,3
191,10,1,101.03584832816969,1
191,11,1,101.03584832816969,1
191,2,10,107.51679502244491,1
191,2,11,107.51679502244491,1
192,12,2,80.27094282339634,1
192,12,2,79.96587062935248,1
192,1,2,79.33082272439678,2
192,1,3,78.75940487192926,1
192,4,3,78.42534743691985,1
192,5,3,78.42534743691985,1
193,3,10,106.11542375770631,1
193,3,11,106.11542375770631,1
193,3,12,106.11542375770631,1
193,3,12,106.12623692222832,1
193,3,1,106.59442997027752,1
194,2,10,109.89592584431395,1
194,2,11,109.89592584431395,1
194,10,6,98.7243649934456,1
194,11,7,98.7243649934456,1
194,12,8,98.7243649934456,1
194,4,9,97.44191666636223,1
195,1,12,107.70640842960968,1
195,1,3,108.9073197678186,2
196,10,1,77.77599939261385,1
196,11,1,77.77599939261385,1
196,12,1,77.77599939261385,1
196,5,1,76.49320800111961,1
197,1,10,108.09661075100863,1
197,1,11,108.09661075100863,1
197,1,12,108.09661075100863,1
197,1,2,109.30106599320914,1
197,10,2,97.89521491575661,1
197,11,2,97.89521491575661,1
198,12,3,99.49749418567097,1
199,10,1,94.15753315897531,1
199,11,1,94.15753315897531,1
199,12,1,94.15753315897531,1
199,5,1,92.87453524924702,1
199,3,1,92.35776598957858,1
199,3,2,91.06116795400766,3
199,1,2,90.34376275838123,1
199,1,2,89.64368931778684,1
199,1,3,77.80075802557987,1
199,1,3,77.60740058682205,1
199,11,10,102.82989551068823,1
199,12,11,102.82989551068823,1
200,4,1,76.92633018622908,2
200,5,1,76.92633018622908,1
200,3,1,74.59149402339418,2
200,3,12,112.5240060208574,1
200,3,2,113.72849424810289,1
202,1,2,118.01669193219902,2
202,1,2,118.27539563604697,2
202,3,2,106.08522488482916,2
202,6,2,120.32952255866192,1
202,6,2,120.73421336418609,1
202,6,4,120.9276736197054,2
202,6,5,120.9276736197054,3
202,7,3,121.07642950769574,3
202,7,1,121.15302404345832,2
202,7,2,121.22858206952637,1
202,7,3,121.28669578520231,1
202,8,3,121.28669578520231,3
202,8,2,121.44384181810838,4
202,9,2,121.44384181810838,1
202,9,2,121.47136141639253,5
202,9,2,121.50722992076192,1
203,2,10,115.50030899457423,1
203,10,3,101.51370446544747,2
203,11,3,101.51370446544747,2
203,6,10,117.77461159261783,6
203,7,11,117.77461159261783,6
203,8,11,117.77461159261783,1
203,8,12,117.77461159261783,5
203,9,12,117.77461159261783,2
203,9,4,118.94071305665022,2
203,9,5,118.94071305665022,2
204,1,10,112.81731848844005,1
204,1,11,112.81731848844005,1
204,1,12,112.81731848844005,1
204,1,2,115.04666980859565,1
204,3,2,110.62473790297099,1
204,3,1,110.76978377263673,1
205,10,1,87.90240188222086,1
205,11,1,87.90240188222086,1
205,12,1,87.90240188222086,1
205,12,1,87.84474427822559,2
206,10,3,87.44332496246301,3
207,10,1,90.57990460590977,1
207,11,1,90.57990460590977,1
207,12,1,90.57990460590977,1
207,10,1,90.11743721072979,2
207,10,2,97.05139797672899,3
207,6,10,110.30272002233653,3
207,7,10,110.30272002233653,3
207,8,10,110.30272002233653,3
207,9,10,110.30272002233653,3
208,10,1,84.4328962626555,3
210,10,1,80.55485985879957,1
210,11,1,80.55485985879957,1
210,12,1,80.55485985879957,1
210,3,10,107.44814048029434,2
210,3,11,107.44814048029434,2
210,3,12,107.44814048029434,1
211,3,10,109.93770307113924,1
211,3,11,109.93770307113924,1
211,3,12,109.93770307113924,1
212,2,12,121.61981613914158,1
212,2,11,121.86919668211377,4
213,10,1,86.98050628185726,1
213,11,1,86.98050628185726,1
213,12,1,86.98050628185726,1
213,2,10,103.69564820853789,1
213,2,11,103.69564820853789,1
213,2,12,103.69564820853789,1
213,2,3,101.2688494448129,2
213,10,3,100.87402838750458,3
214,10,2,88.14233368037733,1
214,11,2,88.14233368037733,1
214,12,3,81.26547515369775,1
214,10,3,81.15780256243221,1
214,11,3,81.15780256243221,2
215,11,1,100.71363048275194,2
215,12,1,100.71363048275194,1
216,10,3,93.95175922895912,1
216,11,3,93.95175922895912,1
217,6,10,116.9722996545766,1
217,6,11,116.9722996545766,1
217,6,12,116.9722996545766,1
217,6,10,117.03301408945853,3
217,7,11,117.03301408945853,3
217,7,12,117.03301408945853,3
217,8,11,117.2710627685501,6
217,9,11,117.2710627685501,2
217,9,12,117.2710627685501,4
218,1,10,124.86879438999057,1
218,1,11,124.86879438999057,1
218,1,12,124.86879438999057,1
218,1,12,125.18273611268455,2
219,10,1,90.99530181032442,1
219,11,1,90.99530181032442,1
219,12,1,90.99530181032442,1
219,12,1,90.98855918851768,1
219,2,12,104.29301721747649,5
219,12,6,96.03790433645776,3
219,10,7,95.63778207702082,3
219,10,8,95.63778207702082,3
219,10,9,95.63778207702082,3
220,1,10,117.33368901924382,3
220,11,2,89.27977933188195,2
220,11,3,94.89196266478962,2
221,2,11,111.18196828462257,1
221,3,11,111.85569420051615,2
223,10,3,97.35213028645845,1
223,11,3,97.35213028645845,1
223,12,3,97.35213028645845,1
223,10,3,97.25136126821027,2
224,10,1,77.56535793610988,2
224,11,1,77.56535793610988,1
224,11,2,94.16621397351966,3
224,3,10,105.2020528644578,1
224,3,11,105.2020528644578,1
225,1,12,111.91300918718609,1
225,1,10,111.9282247252849,1
225,1,11,111.9282247252849,1
225,1,12,111.9282247252849,1
225,3,12,103.8877340649289,1
226,10,2,85.10576321559586,1
226,11,2,85.10576321559586,1
226,3,12,113.15890927565235,2
226,6,12,106.10700165842678,1
226,7,2,106.28998235795817,1
226,8,2,106.28998235795817,1
226,9,4,107.1205433384425,1
227,12,6,99.8595961835779,1
227,10,7,99.83915878467174,1
227,11,8,99.83915878467174,1
227,12,9,99.83915878467174,1
228,1,10,124.88997668551052,1
228,1,11,124.88997668551052,1
228,1,12,124.88997668551052,1
228,1,10,124.90510360009168,1
228,1,11,124.90510360009168,1
228,2,12,127.07511477480944,1
228,2,4,128.3557192270073,2
228,3,5,119.2106749427262,3
229,2,4,128.03230347438975,2
229,2,5,128.03230347438975,1
230,10,1,89.99415676403207,1
230,11,1,89.99415676403207,1
230,12,1,89.99415676403207,1
230,12,1,89.91229638901032,1
230,2,10,120.10528198229008,3
231,1,10,126.05645377453591,1
231,6,10,116.39857885863591,1
231,6,11,116.39857885863591,2
231,6,12,116.39857885863591,2
231,6,10,116.63247120233389,1
231,7,10,116.63247120233389,6
231,8,10,116.63247120233389,2
231,8,11,116.63247120233389,4
231,9,11,116.63247120233389,6
233,2,10,116.14687493323005,2
233,10,3,87.09684502101268,1
233,11,3,87.09684502101268,1
234,1,10,105.11443261281109,1
234,1,11,105.11443261281109,1
234,12,3,87.88755644827485,1
234,12,3,87.78915950578579,2
235,12,3,95.15033199959228,1
235,11,3,94.74725592659952,3
236,10,2,88.44537315452348,1
236,3,10,107.30383520289703,1
236,3,11,107.30383520289703,1
236,3,12,107.30383520289703,1
236,3,12,107.3181950905115,1
236,3,11,107.37563464096928,1
237,1,11,118.85505559718962,1
237,3,12,110.81254023318303,2
237,3,11,111.04229843501417,2
237,3,12,111.04229843501417,1
238,1,10,128.77064892079372,1
238,1,11,128.77064892079372,1
239,2,10,106.58193178298276,1
239,2,11,106.58193178298276,1
240,10,1,94.16138747413024,1
240,2,12,113.57788459504775,1
240,2,12,113.59202861825233,1
240,2,12,113.87836291290174,3
241,11,2,81.93972686120351,1
241,12,2,81.93972686120351,1
241,10,2,81.93436449203881,1
242,1,10,108.77861251578483,1
242,1,11,108.77861251578483,1
242,1,12,108.77861251578483,1
242,1,12,109.08128624714877,2
242,2,12,107.78098978012683,1
242,10,3,87.49047072132308,1
242,11,3,87.49047072132308,1
242,12,3,87.49047072132308,1
242,11,6,91.1316303538209,1
242,12,6,91.1316303538209,1
242,11,6,91.11126019921146,1
242,12,6,91.11126019921146,1
242,11,6,90.62670350778099,1
242,11,7,90.62670350778099,5
242,11,8,90.62670350778099,5
242,11,9,90.62670350778099,2
242,12,9,90.62670350778099,3
243,1,10,124.48973440878646,1
243,2,11,117.3106503926114,1
243,2,12,117.3106503926114,1
243,2,12,117.61367504262441,2
244,2,12,123.23385238004727,3
246,10,2,98.21576265646132,1
246,11,2,98.21576265646132,1
246,12,2,98.21576265646132,1
246,3,10,113.07299817154922,1
246,3,11,113.07299817154922,1
246,3,12,113.07299817154922,1
246,3,4,114.27865879267087,1
246,3,5,114.27865879267087,1
247,10,1,83.11551263391983,2
247,10,2,77.99044427309413,3
247,11,2,77.99044427309413,1
248,1,10,123.4786963533933,1
248,1,11,123.4786963533933,1
248,2,12,110.99031685911474,1
248,2,4,112.21456069252065,2
248,2,5,112.21456069252065,1
248,2,1,112.86270173945351,1
249,10,2,78.61395499835216,1
249,11,2,78.61395499835216,1
249,12,2,78.61395499835216,1
249,10,2,78.5896390648949,1
249,11,2,78.5896390648949,1
249,3,4,110.19379095171419,2
250,12,2,95.92449485488027,1
250,11,2,95.82723112105123,1
250,3,10,104.67057221068531,1
250,11,6,102.12627624285099,1
250,11,7,102.12627624285099,1
250,11,8,102.12627624285099,1
250,12,9,102.12627624285099,1
252,10,1,96.35723853267953,1
253,3,10,119.26127280139885,1
253,3,11,119.26127280139885,1
254,6,10,110.06114067736691,1
254,6,11,110.06114067736691,1
254,6,12,110.06114067736691,1
254,7,12,110.07848027661008,1
254,7,10,110.30744874113262,2
254,8,10,110.30744874113262,3
254,9,10,110.30744874113262,3
255,10,1,92.53524594533162,1
255,11,1,92.53524594533162,1
255,12,1,92.53524594533162,1
255,10,1,92.52673715507348,1
255,11,2,99.91736609466543,1
255,12,2,99.91736609466543,1
255,10,2,99.86599133438965,1
256,2,10,108.74602650315948,2
256,2,11,108.74602650315948,2
257,10,1,89.8060578616604,1
257,11,1,89.8060578616604,1
257,2,12,105.50326359117267,2
257,2,11,105.69020234124321,3
257,12,6,91.57600055244437,1
257,11,6,91.51411836355558,2
257,12,6,91.51411836355558,2
257,3,7,91.38502619824921,4
257,12,7,91.30861932245247,1
257,12,8,91.30861932245247,3
257,12,8,90.92519840179762,2
257,12,9,90.92519840179762,5
258,12,1,85.53231197178951,1
259,10,1,89.0136543975837,5
259,6,10,107.72572060181619,1
259,7,11,107.72572060181619,1
259,8,12,107.72572060181619,1
259,9,11,107.95889437981563,1
260,10,1,101.78468862142319,1
260,2,11,123.51609276629101,3
261,1,10,120.64137583777394,2
261,1,11,120.64137583777394,1
261,6,11,111.38627614565004,1
261,6,12,111.38627614565004,2
261,7,11,111.58166158528573,2
261,7,12,111.58166158528573,1
261,8,12,111.58166158528573,3
261,9,12,111.58166158528573,3
262,11,1,82.90725977006498,1
263,10,1,93.22714448080164,1
263,11,1,93.22714448080164,1
263,12,1,93.22714448080164,1
263,12,1,93.19915814848636,1
263,10,2,102.42870447673789,1
263,11,2,102.42870447673789,1
265,10,3,103.47936093947936,1
265,11,3,103.47936093947936,1
265,12,3,103.47936093947936,1
266,2,10,121.14430386741441,1
266,2,11,121.14430386741441,1
266,2,12,121.14430386741441,1
266,2,10,121.14776972854311,1
267,3,10,119.15572990358169,1
268,10,1,81.70494527522257,1
268,11,1,81.70494527522257,1
268,12,1,81.70494527522257,1
268,11,1,81.5460763285347,2
268,11,2,96.01895978771381,3
268,12,3,102.05726922569157,1
269,1,10,127.75024609303277,1
269,1,11,127.75024609303277,1
269,1,12,127.75024609303277,1
269,1,10,127.7502864552303,1
269,12,2,101.20251689368769,5
269,3,11,115.26671765035013,1
269,3,12,115.26671765035013,1
269,3,11,115.2668790991402,1
269,3,12,115.2668790991402,1
269,6,11,111.4977523320359,1
269,6,12,111.4977523320359,1
269,6,12,111.7419841315805,1
269,7,12,111.7419841315805,1
269,7,4,112.70801704653206,1
269,7,5,112.70801704653206,1
269,8,2,113.17119005279322,1
269,8,3,113.38880499050029,2
269,9,3,113.38880499050029,2
269,9,3,113.6515034075912,1
270,1,3,120.71893297172487,1
270,2,3,115.02167318300334,2
270,10,3,103.20616665697929,1
271,11,3,80.0032190349421,1
272,12,2,89.17294183446606,1
272,12,2,88.5617679526402,1
272,3,10,123.04052634090057,4
272,3,11,123.04052634090057,1
273,1,10,106.23640366404035,1
273,12,2,78.16966385699389,4
273,12,3,83.94941733271696,2
274,10,1,82.4014693426186,4
274,10,2,95.86977227961296,2
274,11,2,95.86977227961296,3
275,10,1,103.58789553206759,1
275,3,11,125.86259166908704,1
276,2,12,111.9661262031576,1
276,2,11,112.06790655407605,1
277,10,2,80.60890905754502,1
277,11,2,80.60890905754502,1
277,12,2,80.60890905754502,1
277,11,2,80.57807531851967,1
277,12,2,80.57807531851967,1
277,11,6,95.91991130070694,3
277,12,7,95.91991130070694,3
277,12,8,95.91991130070694,3
277,12,9,95.42657147630119,2
277,1,9,95.24504963814275,1
278,2,10,104.43348107199475,1
279,1,11,118.90279974450436,1
279,1,12,118.90279974450436,1
279,1,10,118.9068901015801,1
279,1,11,118.9068901015801,1
279,1,12,118.9068901015801,1
279,3,11,120.73103358950061,2
279,3,12,120.73103358950061,2
280,1,12,127.77739086560234,2
280,10,2,87.90671525606459,2
280,11,2,87.90671525606459,2
280,6,10,112.8915930421994,4
280,7,10,112.8915930421994,4
280,8,10,112.8915930421994,4
280,9,10,112.8915930421994,4
281,12,1,93.67837645583128,2
281,10,1,93.52228439166132,3
281,10,2,101.90154377336941,4
283,2,10,106.198131935369,1
283,2,11,106.198131935369,1
283,2,12,106.198131935369,1
284,10,1,78.29629798201921,1
284,11,1,78.29629798201921,1
284,12,1,78.29629798201921,1
284,10,1,78.28929691645644,1
284,11,1,78.28929691645644,1
286,10,3,102.50613795838566,1
286,11,3,102.50613795838566,1
287,6,10,115.40859164263748,1
287,6,11,115.40859164263748,1
287,6,12,115.40859164263748,1
287,6,10,115.41188643131292,1
287,6,11,115.41188643131292,1
287,7,12,115.41188643131292,1
287,7,10,115.42550315261244,1
287,7,11,115.42550315261244,1
287,7,12,115.42550315261244,1
287,7,10,115.93746375698825,1
287,8,10,115.93746375698825,4
287,8,11,115.93746375698825,1
287,9,11,115.93746375698825,5
288,10,1,90.09814970606041,1
288,11,1,90.09814970606041,1
288,12,1,90.09814970606041,1
288,12,1,90.09711374518916,1
288,12,1,90.08967511302873,1
288,10,2,77.7079047611068,1
288,11,2,77.7079047611068,1
288,3,11,123.78872148568026,3
289,3,10,111.35132748285088,4
290,10,1,101.92591313592487,1
290,11,1,101.92591313592487,1
290,12,1,101.92591313592487,1
290,11,1,101.7367873849407,1
290,6,10,112.55415090011209,1
290,6,11,112.55415090011209,3
290,7,11,112.55415090011209,2
290,7,12,112.55415090011209,2
290,8,12,112.55415090011209,3
290,8,11,112.95136969282623,1
290,9,11,112.95136969282623,4
291,11,1,100.10166500752138,1
292,1,10,120.7130452421873,1
292,1,11,120.7130452421873,1
292,1,12,120.7130452421873,1
292,10,3,82.071265021078,1
293,10,3,83.37425011773603,1
293,11,3,83.37425011773603,1
293,12,3,83.37425011773603,1
293,11,3,83.33346916356612,1
293,6,11,111.98225459502095,3
293,7,11,111.98225459502095,3
293,8,11,111.98225459502095,1
293,8,12,111.98225459502095,2
293,9,12,111.98225459502095,3
294,6,10,112.31637742618862,4
294,7,10,112.31637742618862,1
294,7,11,112.31637742618862,3
294,8,11,112.31637742618862,2
294,8,12,112.31637742618862,2
294,9,12,112.31637742618862,3
294,9,12,112.71460450297612,1
295,12,6,100.87961083800175,1
295,11,7,100.71648702132214,1
295,11,8,100.71648702132214,1
295,11,9,100.71648702132214,1
296,10,3,95.83131560830701,1
296,11,3,95.83131560830701,1
296,12,3,95.83131560830701,1
296,11,3,95.6290989761061,1
297,2,10,116.13185078459372,1
297,11,3,91.83841973894494,1
297,12,3,91.83841973894494,4
297,6,11,110.02360795801613,1
297,6,12,110.02360795801613,1
297,6,10,110.04127275607065,1
297,7,11,110.04127275607065,1
297,7,12,110.04127275607065,1
297,7,12,110.54925184059749,1
297,8,12,110.54925184059749,3
297,9,12,110.54925184059749,3
298,10,1,102.32479911142707,2
298,11,1,102.32479911142707,1
298,2,12,119.1591306472467,1
299,3,10,121.2977895397931,2
299,11,10,103.22255122825017,1
299,12,10,103.22255122825017,2
299,12,10,103.0655317497328,4
300,4,1,87.43421327319547,2
301,1,2,90.72320396946104,2
301,10,1,101.01654651728387,5
302,1,10,115.323497576994,2
302,10,2,82.13943210227559,2
302,11,2,82.13943210227559,3
302,3,10,124.41412560359201,2
303,10,2,89.02571731117362,1
303,11,2,89.02571731117362,1
303,12,2,89.02571731117362,1
304,1,10,108.83326239912148,1
304,1,11,108.83326239912148,1
304,1,12,108.83326239912148,1
304,1,11,108.92369865292778,2
304,11,2,87.51368003339863,2
304,11,6,89.7765957758038,2
304,12,6,89.7765957758038,3
304,12,7,89.7765957758038,4
304,1,7,89.09466591203636,1
304,1,8,89.09466591203636,2
304,2,8,88.71684046415604,1
304,4,8,88.61041607004147,1
304,5,8,88.61041607004147,1
304,2,9,88.56808875326769,2
304,1,9,88.40009446805396,2
304,2,9,88.33554703485936,1
305,2,11,123.67636810753737,2
305,2,12,123.67636810753737,3
305,3,12,116.31836291557434,1
306,1,10,105.74163381961586,1
306,1,11,105.74163381961586,1
306,1,12,105.74163381961586,1
306,1,3,106.04156785121805,2
306,10,3,90.02439942618864,1
306,6,10,108.21914742645455,2
306,7,10,108.21914742645455,2
306,8,10,108.21914742645455,2
306,9,10,108.21914742645455,2
307,10,1,92.97293192250416,1
307,11,1,92.97293192250416,1
307,12,1,92.97293192250416,1
307,11,1,92.93737663834732,1
307,3,10,121.30351606859688,1
308,3,10,117.67456940349409,1
309,1,10,105.83364513034167,1
309,12,2,80.66215540367465,1
309,4,2,79.46162415435143,1
309,5,2,79.46162415435143,1
309,3,11,113.74603446344847,1
309,3,12,113.74603446344847,1
310,1,10,106.93513881436851,3
310,1,11,106.93513881436851,2
310,10,2,89.03196753400002,1
310,11,2,89.03196753400002,1
310,12,2,89.03196753400002,1
311,4,1,78.32837353697853,1
311,5,1,78.32837353697853,1
311,2,1,77.92281532299776,2
311,2,10,115.6131464056472,1
311,2,11,115.6131464056472,1
311,2,12,115.6131464056472,1
311,2,3,77.78520921274225,1
311,1,3,75.98007167379274,1
311,10,3,75.97205583205964,1
312,1,11,124.95579782044722,1
312,3,11,125.40032034038339,1
312,3,12,125.40032034038339,4
313,1,10,124.39744618241362,1
313,10,3,100.08545935001473,1
313,11,3,100.08545935001473,1
313,12,3,100.08545935001473,1
313,10,3,99.83342424050052,2
314,10,2,78.67719369816865,2
314,3,10,121.63197636753783,3
314,3,11,121.63197636753783,1
315,10,1,96.92699149221308,2
315,11,1,96.92699149221308,2
316,1,10,111.07122881121946,1
316,1,11,111.07122881121946,1
316,1,12,111.07122881121946,1
316,12,2,98.35147589874198,2
316,10,2,98.10206236444307,1
316,10,3,89.86563996949751,5
316,6,11,107.4094713548712,2
316,7,12,107.4094713548712,2
316,8,12,107.4094713548712,1
316,8,11,107.75242353631273,1
316,9,11,107.75242353631273,2
317,1,11,107.39319378544333,5
317,2,11,114.63767674330538,2
317,10,6,97.19780443708659,1
317,11,6,97.19780443708659,1
317,12,7,97.19780443708659,1
317,10,7,96.907635879004,1
317,11,8,96.907635879004,2
317,11,9,96.907635879004,2
318,1,10,120.61157234013062,3
318,11,2,81.69226924826972,4
318,11,3,81.90737844187427,3
319,10,1,94.7935143159706,1
319,11,2,91.27474485835546,1
319,12,2,91.27474485835546,1
319,3,10,105.23238289571069,1
319,3,11,105.23238289571069,4
320,1,10,113.81866646853013,1
320,1,11,113.81866646853013,1
320,12,2,97.51890925031066,4
320,12,3,100.76215932483525,2
321,3,12,105.28358480775073,1
321,3,12,105.37653243338762,4
321,10,6,100.99781050970013,1
321,10,7,100.99781050970013,1
321,11,8,100.99781050970013,1
321,11,9,100.99781050970013,1
322,1,11,118.65581428427325,3
323,1,10,116.57311703244845,3
324,1,10,119.38831420374227,1
324,10,2,94.84963557282185,1
324,3,11,115.71891308468358,1
324,3,12,115.71891308468358,1
324,3,10,115.80254707685538,1
324,3,11,115.80254707685538,2
325,11,1,90.01309287455106,1
325,12,1,90.01309287455106,1
326,1,10,103.02753580249336,1
327,3,11,126.64004839058964,1
327,3,12,126.64004839058964,1
327,3,11,126.7445908808044,2
327,3,12,126.7445908808044,1
327,10,6,92.21880907099721,1
327,11,6,92.21880907099721,1
327,12,6,92.21880907099721,1
327,10,6,92.21603232236342,1
327,11,7,92.21603232236342,1
327,12,7,92.21603232236342,1
327,12,7,92.14778533572195,2
327,12,8,91.91922536729675,4
327,12,9,91.91922536729675,1
327,2,9,91.01420534666408,1
327,4,9,90.94521036885686,2
328,5,3,82.51888242286174,2
328,10,3,80.34924692598656,2
329,10,2,79.09282077787921,2
330,1,10,114.51576632451982,1
330,1,11,114.51576632451982,1
330,1,12,114.51576632451982,1
330,1,12,114.62206500345306,2
330,10,2,79.06792730903905,2
330,10,6,92.85697610734582,1
330,11,6,92.85697610734582,3
330,12,7,92.85697610734582,3
330,10,7,92.6181125656998,1
330,10,8,92.6181125656998,4
330,10,9,92.6181125656998,4
331,10,1,83.87709360624562,1
331,11,1,83.87709360624562,1
331,12,3,91.42195587346347,1
331,10,3,91.12337644640594,1
331,11,3,91.12337644640594,3
334,1,10,126.88217000977053,1
334,2,11,108.53525116744797,1
334,2,12,108.53525116744797,1
334,10,6,93.19492343694003,1
334,11,6,93.19492343694003,1
334,12,6,93.19492343694003,1
334,10,6,93.13387977993922,1
334,10,7,93.13387977993922,1
334,11,7,93.13387977993922,2
334,12,7,93.13387977993922,1
334,12,8,93.13387977993922,1
334,11,8,92.88970515193594,3
334,11,9,92.88970515193594,4
335,1,10,118.24297914349509,1
335,1,11,118.24297914349509,1
335,1,12,118.24297914349509,1
335,1,12,118.34763734588876,1
335,1,11,118.68217331457596,1
335,11,2,84.87393831910848,2
335,12,2,84.87393831910848,1
335,6,11,105.91636664365831,1
335,7,11,105.91636664365831,1
335,8,11,105.91636664365831,1
335,9,12,105.91636664365831,1
336,3,12,116.3846386717422,5
337,2,10,107.29535711560035,3
337,3,11,122.51522277022718,3
337,3,12,122.51522277022718,1
338,1,10,105.46702869232433,1
338,3,11,113.96649398015546,1
338,3,12,113.96649398015546,1
338,3,12,114.05418966805267,1
339,2,12,102.4500426249579,1
339,2,10,102.37734627408419,1
341,1,11,123.84447743809739,1
341,1,12,123.84447743809739,1
341,2,12,104.24890933561525,3
343,10,1,91.55111965168761,1
343,11,1,91.55111965168761,1
343,12,1,91.55111965168761,1
343,3,10,111.71339345147447,1
343,3,11,111.71339345147447,1
343,3,12,111.71339345147447,1
344,1,10,126.70498978296146,1
344,1,11,126.70498978296146,1
344,10,2,89.32469901933086,1
344,11,2,89.32469901933086,1
344,12,2,89.32469901933086,1
344,3,12,116.1849311922335,1
344,10,6,99.94022568843536,1
344,10,7,99.94022568843536,1
344,10,8,99.94022568843536,1
344,11,9,99.94022568843536,1
345,1,10,124.72182738408733,1
345,1,11,124.72182738408733,1
345,1,12,124.72182738408733,1
345,1,12,125.15879328144844,2
345,3,12,119.77157379386475,4
346,10,3,87.87373322700694,1
347,11,1,93.13710484902256,1
347,12,1,93.13710484902256,1
347,10,1,93.1324702389953,1
347,11,1,93.1324702389953,1
347,12,3,88.82874046620498,1
349,2,10,126.64080257661034,1
349,2,11,126.64080257661034,1
349,2,12,126.64080257661034,1
349,10,3,89.31108094062049,1
349,11,3,89.31108094062049,1
349,12,3,89.31108094062049,1
349,11,10,101.5571145252134,2
349,12,10,101.5571145252134,3
349,12,10,101.31784086443248,9
349,12,11,101.31784086443248,2
350,2,11,119.00817725624732,1
350,2,10,100.94067824479642,5
352,2,1,97.8044835217972,1
352,4,1,96.68541854911288,2
352,5,2,75.79001238307286,2
352,10,2,74.30146893533643,1
352,3,10,120.3185921098943,1
352,3,11,120.3185921098943,1
353,10,1,94.27579485172934,1
353,2,12,120.02156584156302,1
354,10,3,83.2570780843786,1
354,11,3,83.2570780843786,1
354,12,3,83.2570780843786,1
354,11,3,83.23194926603838,1
355,12,2,79.56098463512498,1
355,4,2,78.40265588378408,2
355,5,2,78.40265588378408,1
355,10,2,76.85286094134337,1
355,10,3,82.67300085022458,4
357,10,3,93.34214350937401,2
358,10,1,93.63396778568699,3
358,11,1,93.63396778568699,2
358,11,3,87.26254387040467,1
358,12,3,87.26254387040467,3
358,10,3,87.02691337675687,1
358,10,6,98.2864188010187,1
358,10,7,98.2864188010187,1
358,10,8,98.2864188010187,1
358,10,9,98.2864188010187,1
359,10,1,81.24443490892108,1
359,11,3,90.90301599213544,1
359,12,3,90.90301599213544,1
359,10,3,90.60847787507568,2
359,10,6,86.79857403571411,3
359,11,6,86.79857403571411,3
359,11,7,86.79857403571411,6
359,11,8,86.79857403571411,3
359,12,8,86.79857403571411,3
359,12,9,86.79857403571411,6
360,2,10,117.71734629823993,1
360,2,11,117.71734629823993,1
360,10,3,86.01208123082667,1
360,11,3,86.01208123082667,1
360,12,3,86.01208123082667,1
360,12,3,85.70281620791393,2
361,10,1,92.06668494083726,1
361,11,1,92.06668494083726,1
361,12,1,92.06668494083726,1
361,12,1,91.75373819146127,1
361,4,2,88.62120590816433,1
361,5,2,88.62120590816433,2
361,10,2,87.13984150909687,1
362,2,12,120.15066158046555,1
362,2,10,120.18430598212657,1
362,2,11,120.18430598212657,1
362,2,12,120.18430598212657,1
362,10,3,98.22299474444696,1
362,11,3,98.22299474444696,1
363,12,2,97.0765645574136,1
363,4,2,95.81959499375986,1
363,5,2,95.81959499375986,2
363,10,3,88.98195535285288,1
364,3,10,116.71864796304565,1
364,3,11,116.71864796304565,1
364,3,12,116.71864796304565,1
364,3,11,116.862038798175,2
365,2,11,102.18991884320965,1
366,1,10,101.52091461542656,1
366,1,11,101.52091461542656,1
366,2,12,121.35156622560578,1
366,2,11,121.4591351080524,2
366,2,12,121.4591351080524,1
366,10,3,80.13957257466187,1
366,11,3,80.13957257466187,1
367,2,10,100.81891431625438,1
367,2,11,100.81891431625438,1
367,2,12,100.81891431625438,1
367,12,3,97.5158489428691,1
368,10,1,84.94509751456982,1
368,11,1,84.94509751456982,1
368,12,1,84.94509751456982,1
368,4,1,83.69227527429366,1
368,10,1,82.20436430317226,1
368,4,2,97.06390303220806,2
368,10,6,89.42662024774154,4
368,10,7,89.42662024774154,4
368,10,8,89.42662024774154,4
368,10,9,89.42662024774154,4
369,10,1,88.71212019098579,4
369,10,2,97.07024947642765,2
369,10,4,98.02384253620251,2
369,10,5,98.02384253620251,3
370,2,10,114.39929698116542,1
370,2,11,114.39929698116542,1
370,3,12,119.6091731798004,1
371,1,10,123.85521104445425,1
371,1,11,123.85521104445425,1
371,1,12,123.85521104445425,1
371,1,12,123.99639520266544,2
371,2,12,119.15617304794488,2
371,2,11,119.3677333587019,1
372,10,1,84.26838710700522,3
372,11,1,84.26838710700522,2
372,11,2,89.70573374611374,1
372,12,2,89.70573374611374,1
372,3,11,113.42628986364164,1
372,6,11,115.16780700750986,6
372,7,11,115.16780700750986,3
372,7,12,115.16780700750986,3
372,8,12,115.16780700750986,6
372,9,12,115.16780700750986,5
372,9,10,115.62576746484656,1
373,1,10,101.11516596886902,2
373,3,11,125.3569779373303,1
374,10,1,80.46925926697432,1
374,11,1,80.46925926697432,1
374,12,1,80.46925926697432,1
374,12,1,80.39377851888793,2
374,10,2,97.42181967780202,5
374,6,11,104.14998266615922,1
374,7,12,104.14998266615922,1
374,8,12,104.14998266615922,1
374,9,10,104.8935615151758,1
375,1,10,119.68609135591984,1
375,1,11,119.68609135591984,1
375,1,12,119.68609135591984,1
375,1,10,120.48220461583479,2
375,10,2,94.52428038574706,3
375,3,11,108.8234298558908,3
376,1,11,110.09044055344677,1
376,1,12,110.09044055344677,1
376,2,12,113.77212532224758,3
376,2,1,113.94509174781518,2
376,10,3,95.12967310114519,2
376,11,3,95.12967310114519,2
376,12,3,95.12967310114519,1
377,3,10,124.99570768786458,5
378,3,10,102.87492919318606,1
378,3,11,102.87492919318606,1
378,3,12,102.87492919318606,1
378,3,10,103.03197338206931,2
379,10,1,92.93389339778639,1
379,11,1,92.93389339778639,1
379,12,1,92.93389339778639,1
379,3,11,123.76131468520367,4
380,12,3,85.57774306231101,1
381,10,1,98.3012210879289,1
381,11,1,98.3012210879289,1
381,12,2,92.28351892396228,1
381,10,2,91.97884391259495,3
382,2,10,104.04316377640663,1
382,2,11,104.04316377640663,1
382,3,12,115.00054947560665,1
384,1,10,117.00381918458876,1
384,1,11,117.00381918458876,1
384,1,12,117.00381918458876,1
384,1,11,117.14527980177493,1
384,2,11,102.78262205873553,1
384,10,3,95.78119488757571,1
384,11,3,95.78119488757571,1
384,12,3,95.78119488757571,1
385,10,1,98.08542544581252,3
385,11,1,98.08542544581252,2
385,11,2,84.27397113540204,1
385,12,2,84.27397113540204,3
385,3,10,109.86978477834987,1
385,3,11,109.86978477834987,1
385,3,6,88.04413874527256,4
385,10,6,88.02982495193052,1
385,11,6,88.02982495193052,1
385,11,7,88.02982495193052,6
385,11,8,88.02982495193052,5
385,12,8,88.02982495193052,1
385,12,9,88.02982495193052,6
386,1,12,110.2649879283579,1
386,1,11,110.44096340307625,1
386,1,12,110.44096340307625,3
386,2,12,101.99851483699098,1
387,1,12,117.79013277097604,3
389,1,10,110.05860686378567,1
389,1,11,110.05860686378567,1
389,1,12,110.05860686378567,1
389,2,10,122.13022825689096,1
389,2,11,122.13022825689096,1
389,10,6,91.67388558422746,1
389,11,6,91.67388558422746,1
389,12,6,91.67388558422746,1
389,10,6,91.65911418849493,1
389,11,7,91.65911418849493,1
389,12,7,91.65911418849493,1
389,12,7,91.36356259737752,2
389,12,8,91.36356259737752,3
389,10,8,90.42606543197518,1
389,10,9,90.42606543197518,4
390,1,10,120.34283782351417,1
391,10,1,79.44434593158226,1
392,1,11,124.24136623331361,1
392,1,12,124.24136623331361,1
392,3,12,111.88298806522343,1
393,10,2,88.54727073673746,1
393,11,2,88.54727073673746,1
393,12,2,88.54727073673746,1
393,10,2,88.48865086409727,1
393,3,1,125.17782924847319,2
393,3,12,125.33590663078826,1
394,1,10,120.49192542299292,3
394,10,2,91.54541996895958,1
394,10,6,98.54608751947029,1
394,11,7,98.54608751947029,1
394,11,8,98.54608751947029,1
394,11,9,98.54608751947029,1
395,12,1,96.94532977913983,3
395,10,1,96.71085028857908,1
395,2,10,108.92368844925643,1
395,2,11,108.92368844925643,1
395,2,12,108.92368844925643,1
395,2,10,109.12437660306948,1
395,10,3,96.33415321672646,1
396,2,10,102.76797432725974,1
396,6,10,105.97417642154511,2
396,7,10,105.97417642154511,2
396,8,11,105.97417642154511,2
396,9,11,105.97417642154511,2
397,10,1,98.0480303067954,1
397,11,1,98.0480303067954,1
397,12,1,98.0480303067954,1
397,10,1,97.74521650286661,1
399,1,10,111.53448845137895,1
399,1,11,111.53448845137895,1
399,2,12,120.80857938880669,1
399,2,10,120.85448053267444,2
399,3,11,105.39701508374895,1
400,10,2,96.33754243768122,1
400,3,11,108.90257814363017,1
400,3,12,108.90257814363017,1
400,10,12,100.723487304712,1
401,11,1,79.44455343997586,1
401,12,1,79.44455343997586,1
401,10,1,79.40303759393468,1
401,2,11,118.57226719687105,5
401,10,3,99.55422487225826,1
401,11,3,99.55422487225826,3
401,12,3,99.55422487225826,1
401,12,6,92.2762412455178,2
401,10,6,92.15607900522085,2
401,11,7,92.15607900522085,2
401,12,7,92.15607900522085,2
401,10,8,91.9190894653137,4
401,10,9,91.9190894653137,4
402,11,6,92.54906419541268,3
402,11,7,92.54906419541268,3
402,11,8,92.54906419541268,3
402,11,9,92.54906419541268,3
403,10,1,77.92119764444932,1
403,2,10,120.5057117494504,1
404,10,1,94.17266402976243,1
404,11,1,94.17266402976243,1
404,12,1,94.17266402976243,1
404,10,2,96.7755000657715,3
404,11,2,96.7755000657715,2
404,11,3,97.91127197371226,2
404,12,3,97.91127197371226,3
405,1,10,115.94233173969302,1
405,1,11,115.94233173969302,1
405,1,12,115.94233173969302,1
405,2,11,123.58471134548273,1
405,3,12,102.49074337100052,1
405,3,12,102.58946963557229,1
405,6,12,112.48951161581839,5
405,7,12,112.48951161581839,3
405,7,1,113.36133507090796,2
405,8,12,113.39172174074548,1
405,8,4,113.57708377579837,2
405,8,5,113.57708377579837,2
405,9,3,113.85842367825131,1
405,9,10,113.9184203092833,2
405,9,11,113.9184203092833,2
406,10,3,87.39930512585757,1
406,11,3,87.39930512585757,1
407,1,10,120.49920387658739,4
407,12,2,97.48353954584887,1
407,12,2,97.40614878219212,1
407,12,2,97.07554952327305,2
407,12,3,83.49150890445912,3
410,2,10,121.11281764521598,1
410,3,11,107.59368078208996,1
410,3,12,107.59368078208996,1
410,3,10,107.68181214235014,2
410,10,6,97.4803494017498,1
410,10,7,97.4803494017498,1
410,10,8,97.4803494017498,1
410,11,9,97.4803494017498,1
411,10,2,85.11019819261298,1
411,11,2,85.11019819261298,1
411,12,2,85.11019819261298,1
411,6,10,101.19788249353223,1
411,7,11,101.19788249353223,1
411,8,11,101.19788249353223,1
411,9,11,101.19788249353223,1
412,11,3,80.87791515303292,2
412,12,3,80.87791515303292,1
413,2,10,104.44878530998776,1
413,2,11,104.44878530998776,1
413,2,12,104.44878530998776,1
413,2,12,104.52070713789344,1
413,3,12,106.92240656689782,2
413,3,10,107.21442586329478,3
414,2,10,103.66315550247491,3
415,3,10,121.59272926291577,3
415,3,11,121.59272926291577,1
416,10,3,98.06873514132333,1
416,11,3,98.06873514132333,1
416,12,3,98.06873514132333,1
417,1,10,104.08300968598151,1
417,3,11,114.51172223907187,1
417,3,12,114.51172223907187,1
417,3,10,114.52957333578436,1
417,3,11,114.52957333578436,1
417,3,12,114.52957333578436,1
418,2,11,116.64025778443137,1
419,2,10,113.86682951753151,1
419,2,11,113.86682951753151,1
419,2,12,113.86682951753151,1
420,1,10,115.74011529395368,1
420,1,11,115.74011529395368,1
420,10,3,77.03324910257794,1
421,11,6,95.10107688395281,1
421,12,6,95.10107688395281,1
421,10,7,95.086587232491,1
421,11,7,95.086587232491,1
421,12,8,95.086587232491,1
421,12,8,95.0176967199844,1
421,12,9,95.0176967199844,1
421,12,9,94.67021284205236,1
422,3,10,122.4059828888383,1
423,1,11,107.99105218001422,1
423,1,12,107.99105218001422,1
425,1,10,123.8882898309887,1
425,6,11,115.80089880575657,1
425,6,12,115.80089880575657,1
425,6,10,115.80100207542235,1
425,6,11,115.80100207542235,1
425,6,12,115.80100207542235,1
425,6,12,115.80592063102395,1
425,6,11,115.89603016979409,1
425,7,12,115.89603016979409,3
425,7,10,116.18164771719367,4
425,8,10,116.18164771719367,1
425,8,11,116.18164771719367,6
425,9,11,116.18164771719367,7
426,1,10,119.31023792388403,1
426,1,11,119.31023792388403,1
427,3,12,121.87123731060937,1
427,3,11,122.25201203946291,2
428,10,3,82.34845206362561,1
428,11,3,82.34845206362561,1
428,12,3,82.34845206362561,1
428,10,3,82.34844494694764,1
429,11,2,83.27005018023286,1
430,3,10,111.584015455141,1
430,3,11,111.584015455141,1
430,3,12,111.584015455141,1
430,3,10,111.58401662393716,1
430,3,11,111.58401662393716,1
431,10,1,76.32214420044787,1
431,11,1,76.32214420044787,1
431,12,1,76.32214420044787,1
431,2,12,109.756427372645,1
431,3,2,121.17511108626648,1
432,10,1,93.97738511884918,1
433,2,10,119.25854703900373,1
433,2,11,119.25854703900373,1
433,2,12,119.25854703900373,1
433,2,12,119.63932762360666,1
433,10,3,93.11264981973429,1
433,11,3,93.11264981973429,1
434,2,12,122.4859265120079,3
435,2,10,114.50138056677741,3
435,2,11,114.50138056677741,1
436,10,1,100.21399694371215,1
436,11,1,100.21399694371215,1
436,12,1,100.21399694371215,1
436,12,1,100.21399659096751,1
436,11,2,97.64656911995672,1
436,12,2,97.64656911995672,1
436,12,2,97.64656346427394,1
436,10,2,97.64599283181671,1
436,11,2,97.64599283181671,1
436,3,10,118.9591672614985,1
436,3,11,118.9591672614985,1
436,3,12,118.9591672614985,1
436,3,11,119.03056367303418,2
436,12,6,92.64599111317007,1
436,12,6,92.21284454144073,3
436,12,7,92.21284454144073,3
436,3,7,91.74013820776511,1
436,3,8,91.74013820776511,4
436,4,9,91.39789359733724,1
436,10,9,91.27492657919774,3
437,2,10,117.99041611845009,1
437,2,11,117.99041611845009,1
437,2,12,117.99041611845009,1
437,3,12,122.88022592929502,3
438,2,12,122.45410656774138,4
439,1,10,118.01835689226075,1
440,10,1,78.93613113649886,3
440,11,1,78.93613113649886,2
440,11,2,90.19551008636887,1
440,3,11,106.55087322655204,1
440,3,12,106.55087322655204,1
440,3,12,106.92181467326046,2
441,1,12,110.83961903782675,5
441,10,3,77.41730897555311,1
441,11,3,77.41730897555311,1
441,12,3,77.41730897555311,1
441,12,3,77.35267715696392,1
442,1,10,114.58320446614815,1
442,2,10,120.47077193020101,2
442,2,11,120.47077193020101,2
442,12,3,94.82876117689503,2
442,10,6,98.84570955722704,1
442,10,7,98.84570955722704,1
442,10,8,98.84570955722704,1
442,10,9,98.84570955722704,1
443,10,1,77.32925330104996,3
443,2,10,119.22530182616487,1
443,2,11,119.22530182616487,1
443,3,12,122.10766616262964,1
443,3,11,122.19636203564494,1
443,3,12,122.19636203564494,2
444,10,1,81.47951558478579,3
444,2,12,101.67582559676035,1
444,2,3,102.34136088034094,3
444,2,10,101.58663559250888,1
446,10,3,99.69584281048476,1
446,11,3,99.69584281048476,1
446,12,3,99.69584281048476,1
446,11,3,99.63182865594081,2
446,11,6,95.88358555805166,1
446,12,6,95.88358555805166,1
446,12,7,95.88358555805166,2
446,10,8,95.62703480863964,2
446,10,9,95.62703480863964,2
447,10,2,91.0679341199631,1
447,11,2,91.0679341199631,1
447,12,2,91.0679341199631,1
447,10,3,80.15655196742433,2
447,11,3,80.15655196742433,2
448,10,2,99.15296692927063,1
449,1,10,120.01157010619049,1
449,1,11,120.01157010619049,1
449,1,12,120.01157010619049,1
449,1,11,120.01286296279362,1
449,11,10,100.58022730529444,1
449,12,10,100.58022730529444,1
450,11,1,80.34451688104687,2
450,11,3,91.91046075701473,3
450,11,10,100.09419947853702,3
450,12,11,100.09419947853702,3
453,1,10,99.94063376574778,1
453,1,11,99.94063376574778,1
453,1,12,99.94063376574778,1
454,10,2,96.06108847548263,1
454,11,3,92.39545461590674,1
454,12,3,92.39545461590674,1
454,10,3,91.51053561321734,1
455,2,10,111.91713989902647,1
455,10,6,95.77483628824412,1
455,11,6,95.77483628824412,1
455,12,7,95.77483628824412,1
455,10,7,94.88564001460946,1
455,10,8,94.88564001460946,2
455,10,9,94.88564001460946,2
456,10,1,81.10949436559277,1
457,2,10,119.93720508368455,1
458,10,1,98.68330769216597,2
458,3,11,120.74523552173434,1
459,10,3,80.14624403845013,1
459,11,3,80.14624403845013,1
459,12,3,80.14624403845013,1
459,11,3,80.10452864792803,2
460,2,12,111.90242674083285,1
460,3,11,116.12534350499735,1
460,3,12,116.12534350499735,1
460,3,12,116.21806257689843,2
461,10,1,78.65319184437065,1
461,11,1,78.65319184437065,1
461,12,1,78.65319184437065,1
461,2,12,112.32058644464912,1
461,2,10,112.46604494415557,1
461,6,10,109.92053174653884,4
461,7,10,109.92053174653884,2
461,7,11,109.92053174653884,2
461,8,11,109.92053174653884,4
461,9,11,109.92053174653884,3
461,9,12,109.92053174653884,1
462,10,1,96.22768896424478,1
462,11,1,96.22768896424478,1
462,12,1,96.22768896424478,1
462,12,1,96.17554472609217,2
462,10,6,89.58232208021468,5
462,10,7,89.58232208021468,3
462,11,7,89.58232208021468,2
462,11,8,89.58232208021468,5
462,11,9,89.58232208021468,1
462,12,9,89.58232208021468,4
464,10,2,78.36040985634897,1
465,2,10,118.8590666914462,1
466,2,11,107.89787243722776,1
466,2,12,107.89787243722776,1
466,2,10,107.91643790411574,1
466,2,11,107.91643790411574,1
467,10,1,98.83417178205605,1
467,11,1,98.83417178205605,1
468,3,10,118.28461749630647,1
468,10,6,92.76912540601325,1
468,11,6,92.76912540601325,1
468,12,6,92.76912540601325,1
468,12,7,92.76756671821278,1
468,10,7,92.75706630733532,1
468,11,7,92.75706630733532,1
468,12,8,92.75706630733532,1
468,10,8,92.71506466382547,1
468,11,8,92.71506466382547,1
468,11,9,92.71506466382547,1
468,12,9,92.71506466382547,2
469,12,3,97.63804432567082,4
470,1,10,100.41566097030184,1
470,1,11,100.41566097030184,1
470,1,12,100.41566097030184,1
470,1,11,100.41633771327062,1
470,1,12,100.41633771327062,1
470,3,6,98.80903465724546,1
470,3,7,98.80903465724546,1
470,3,8,98.80903465724546,1
470,3,9,98.80903465724546,1
471,10,1,84.87283463935316,1
471,11,2,86.32024472786925,1
471,3,12,123.13604338521488,1
471,3,12,123.35315654036565,2
471,6,12,109.05510110146679,4
471,7,12,109.05510110146679,2
471,7,12,109.29765862884472,1
471,7,3,109.66786455033741,1
471,8,4,110.0675903183776,2
471,8,5,110.0675903183776,2
471,9,1,110.20652490393893,4
472,2,10,119.1852993107693,1
472,2,11,119.1852993107693,1
472,12,3,93.97945518540709,1
472,10,3,93.93776244206252,2
472,6,12,103.47369253005937,1
472,7,4,104.7136303836576,1
472,8,4,104.7136303836576,1
472,9,4,104.7136303836576,1
474,10,2,91.58683873207767,1
474,11,2,91.58683873207767,1
474,12,2,91.58683873207767,1
474,3,10,105.1520872842282,1
476,11,1,98.42193452517644,1
476,11,2,98.22304516780724,1
476,12,2,98.22304516780724,2
476,10,2,97.38882794607548,2
476,10,3,87.31994773939215,3
477,1,10,104.33800038538875,1
477,1,11,104.33800038538875,1
477,1,12,104.33800038538875,1
477,1,10,104.40945502657993,1
477,2,10,105.06140449216446,2
477,2,11,105.06140449216446,1
478,3,11,111.89142645151634,1
479,10,1,85.39228177394023,1
479,11,1,85.39228177394023,1
479,12,1,85.39228177394023,1
479,10,1,85.38153605570048,1
479,11,1,85.38153605570048,1
480,1,10,114.89973392367021,1
480,12,3,78.13769128524386,1
480,10,3,77.26049119055304,2
480,6,11,101.37507046906195,1
480,7,12,101.37507046906195,1
480,8,10,101.38957609240983,1
480,9,11,101.38957609240983,1
481,10,2,86.32113688963358,1
483,11,1,95.82639533388661,1
483,12,1,95.82639533388661,1
483,10,1,94.93871788984308,1
483,10,2,78.8195341121459,5
483,10,3,85.73446779829919,3
484,1,10,119.53685674414353,1
484,1,11,119.53685674414353,1
484,1,12,119.53685674414353,1
484,1,10,119.54049992303595,1
484,10,3,75.79441254079028,1
484,11,3,75.79441254079028,1
484,12,3,75.79441254079028,1
485,2,10,120.1952601412728,1
485,2,11,120.1952601412728,1
485,2,12,120.1952601412728,1
485,2,11,120.1993911724984,1
486,10,1,76.30002171637503,5
486,6,12,106.95750967168792,1
486,6,12,106.97208238725754,1
486,6,11,107.03010488064902,1
486,7,12,107.03010488064902,3
486,8,10,107.26323079579183,3
486,9,10,107.26323079579183,3
487,3,10,115.46703821579425,5
488,10,2,85.18444018950983,1
488,3,10,118.63205650589597,2
488,3,11,118.63205650589597,2
488,3,12,118.63205650589597,1
490,10,1,90.18836093486908,1
490,11,1,90.18836093486908,1
490,12,1,90.18836093486908,1
490,10,1,90.14685673006534,1
490,11,1,90.14685673006534,1
491,1,10,104.62059344131151,1
491,1,11,104.62059344131151,1
491,2,12,123.69844890368293,1
491,2,12,123.75996271069744,1
491,2,11,124.00601793875552,1
491,6,11,105.55614439338616,2
491,7,11,105.55614439338616,2
491,8,11,105.55614439338616,2
491,9,11,105.55614439338616,2
492,10,1,97.644701270722,1
492,2,11,122.81475201037404,3
492,2,12,122.81475201037404,2
492,11,3,86.7799582265556,1
492,12,3,86.7799582265556,1
492,10,3,86.77736421375538,1
492,11,3,86.77736421375538,1
492,12,3,86.77736421375538,1
493,11,1,87.62865410754225,1
493,12,2,94.94380278076252,2
493,10,2,94.77593805057887,1
494,1,10,116.32000870081976,1
494,1,11,116.32000870081976,1
494,1,12,116.32000870081976,1
494,1,10,116.3917364332352,1
495,10,1,80.86875909702077,2
495,11,1,80.86875909702077,1
495,11,3,90.83016997570832,1
496,12,1,91.69027084736341,2
496,10,1,91.52201693447185,2
496,11,1,91.52201693447185,1
496,11,2,87.63914490401146,2
496,11,3,74.95222955336851,2
497,1,10,123.75092986796426,1
497,1,11,123.75092986796426,1
497,1,12,123.75092986796426,1
498,2,10,112.22980625664911,1
498,10,3,96.28859739955718,1
498,11,3,96.28859739955718,1
498,12,3,96.28859739955718,1
498,6,10,101.9742495694715,1
498,7,11,101.9742495694715,1
498,8,11,101.9742495694715,1
498,9,11,101.9742495694715,1
499,10,1,97.02054864455495,1
499,11,1,97.02054864455495,1
499,12,1,97.02054864455495,1
499,11,1,96.81020692952126,1
499,11,3,88.96460076439756,2
499,12,6,91.56557150301164,4
499,12,7,91.56557150301164,4
499,10,8,90.89824361350264,4
499,10,9,90.89824361350264,4
500,1,10,123.21494745815659,3
500,1,11,123.21494745815659,1
500,2,11,109.44365854953006,1
500,10,3,86.12927987065837,3
500,6,11,113.81968201625949,1
500,6,12,113.81968201625949,3
500,6,10,113.92281318872676,1
500,6,11,113.92281318872676,1
500,6,12,113.92281318872676,1
500,7,12,113.98129118729581,3
500,7,12,114.21372784815264,4
500,8,12,114.21372784815264,6
500,8,4,114.65293918670335,1
500,9,4,114.65293918670335,1
500,9,5,114.65293918670335,1
500,9,1,115.29603160051605,1
500,9,3,115.37163541351427,2
500,9,11,115.93458418873304,2
501,2,12,119.65313219866152,3
501,3,12,121.83501916616069,1
501,3,1,121.88312547881208,4
502,10,3,75.79662373716157,1
503,1,10,110.64504530898303,3
503,10,3,98.28631303311599,3
504,10,3,74.95580287753789,1
504,11,3,74.95580287753789,1
505,12,3,75.59294107918119,1
505,10,3,75.4526401061165,2
505,11,3,75.4526401061165,1
506,11,1,78.72042799855527,2
506,3,10,121.24512906977533,1
506,3,11,121.24512906977533,1
506,3,12,121.24512906977533,1
506,3,10,121.26278646602618,1
506,3,11,121.26278646602618,1
507,3,12,106.07120368999941,1
507,3,11,106.14183327500282,1
508,1,11,113.40452913900235,2
508,1,12,113.40452913900235,3
508,2,10,116.1528855137703,3
508,3,10,120.94132155231432,4
508,6,10,103.49727343578841,1
508,7,10,103.49727343578841,1
508,8,10,103.49727343578841,1
508,9,10,103.49727343578841,1
509,10,1,96.1484831048596,1
509,11,1,96.1484831048596,1
509,12,1,96.1484831048596,1
509,10,1,96.11451144885909,1
509,11,1,96.11451144885909,1
510,12,2,98.60944723884906,1
510,11,2,98.49121801109794,2
511,10,1,91.82972616345076,1
511,11,1,91.82972616345076,1
512,10,2,97.8653104564637,1
512,11,3,96.8788323825987,1
512,12,3,96.8788323825987,1
513,12,1,96.0759121848335,1
513,11,1,95.9271959696222,1
513,12,1,95.9271959696222,3
513,3,10,107.55922811024743,1
513,3,11,107.55922811024743,1
513,3,12,107.55922811024743,1
513,3,10,107.56242225362448,1
514,10,1,96.6678348760702,1
514,11,1,96.6678348760702,1
514,12,1,96.6678348760702,1
514,12,2,86.0667247482482,3
514,11,3,94.51385989796722,1
515,11,3,93.675230651345,5
516,1,10,118.64654122058117,1
516,1,11,118.64654122058117,1
516,1,12,118.64654122058117,1
516,1,11,118.64993499791927,1
516,1,12,118.64993499791927,1
516,2,10,100.24572391982194,1
516,2,11,100.24572391982194,1
516,2,12,100.24572391982194,1
516,2,10,100.73619784023198,1
516,10,3,94.30912586275886,5
516,10,6,95.23366189123232,2
516,11,7,95.23366189123232,2
516,11,8,95.23366189123232,2
516,11,9,95.23366189123232,2
517,1,10,116.7326839175118,5
517,2,10,120.10976069196171,1
518,10,1,84.18480944675954,1
518,11,1,84.18480944675954,1
518,12,1,84.18480944675954,1
518,11,1,84.05015715230411,1
518,2,10,111.55940926259554,4
518,2,11,111.55940926259554,1
518,12,3,97.21041825761617,2
519,3,10,123.31602974858042,1
519,3,11,123.31602974858042,1
520,10,2,90.50491358681529,1
520,11,2,90.50491358681529,1
520,12,2,90.50491358681529,1
520,12,2,90.36587955380938,1
520,12,3,86.56358565630495,2
520,12,6,97.72160572307031,1
520,12,7,97.72160572307031,1
520,11,8,97.18299654524859,1
520,11,9,97.18299654524859,1
521,10,3,90.50214308833745,1
521,11,3,90.50214308833745,1
522,12,1,81.14326622908675,1
522,11,1,80.43086451000762,1
523,1,10,118.71049124915936,1
523,1,11,118.71049124915936,1
523,1,12,118.71049124915936,1
523,1,12,118.72536890722783,1
523,2,11,121.79146745331859,2
524,10,6,94.99098585350842,1
524,11,6,94.99098585350842,1
524,12,7,94.99098585350842,1
524,11,7,94.27361392188354,1
524,11,8,94.27361392188354,2
524,11,9,94.27361392188354,2
525,3,10,118.21064863558837,1
526,10,1,81.83935248736373,1
526,11,1,81.83935248736373,1
526,12,1,81.83935248736373,1
526,11,1,81.12135721794758,1
526,11,3,79.02694380485042,1
526,11,6,91.52088966300529,3
526,11,7,91.52088966300529,3
526,11,8,91.52088966300529,3
526,11,9,91.52088966300529,3
527,2,10,99.5550225929282,1
527,2,11,99.5550225929282,1
527,2,12,99.5550225929282,1
527,2,10,99.55513843815254,1
527,2,11,99.55513843815254,1
527,3,12,108.72675355872155,1
527,3,11,108.7272169396189,1
527,3,12,108.7272169396189,1
528,1,11,102.9605589534572,1
528,1,12,102.9605589534572,4
528,2,10,110.10420146445337,2
528,2,11,110.10420146445337,3
529,1,11,102.09601771512578,5
529,2,11,119.6696783100285,4
530,10,1,74.9125979476716,1
530,11,1,74.9125979476716,1
530,6,10,112.0424911006343,4
530,6,11,112.0424911006343,2
530,7,11,112.0424911006343,2
530,7,12,112.0424911006343,4
530,8,11,112.42983985847286,6
530,9,11,112.42983985847286,2
530,9,12,112.42983985847286,4
531,2,10,122.48007566491746,1
531,2,11,122.48007566491746,1
531,2,12,122.48007566491746,1
531,2,12,122.9642616122157,1
532,1,10,113.75346020691897,1
532,12,2,91.07261560879668,1
532,10,2,90.90884258264015,4
532,3,11,121.81921727832014,1
532,10,6,97.64448922091822,1
532,10,7,97.64448922091822,1
532,10,8,97.64448922091822,1
532,11,9,97.64448922091822,1
533,1,12,107.93182245854751,1
533,1,12,108.44021770321065,1
534,10,1,83.21995691889931,1
534,11,1,83.21995691889931,1
534,12,1,83.21995691889931,1
534,10,1,83.21683308778702,1
534,11,1,83.21683308778702,1
536,1,10,123.01496591675011,1
536,1,11,123.01496591675011,1
536,1,12,123.01496591675011,1
537,12,3,85.96211215861649,1
537,11,3,85.78584380801078,4
538,11,2,86.99588344658957,2
538,12,2,86.99588344658957,1
539,2,10,100.76880215617882,1
539,2,11,100.76880215617882,1
539,2,12,100.76880215617882,1
539,2,10,100.77484227805478,1
539,2,11,100.77484227805478,1
539,10,3,82.53252347434572,1
539,11,3,82.53252347434572,1
539,12,3,82.53252347434572,1
540,1,12,113.05796911534125,1
540,1,10,113.17877155286017,4
540,2,10,111.00400021872382,1
541,3,11,106.19237482495262,2
542,1,10,124.21862225290673,1
542,1,11,124.21862225290673,1
542,6,12,104.25262507738287,1
542,6,11,104.34870820530594,1
542,7,11,104.34870820530594,2
542,8,12,104.34870820530594,2
542,9,12,104.34870820530594,2
543,3,10,108.05344021808042,1
543,3,11,108.05344021808042,1
543,3,12,108.05344021808042,1
543,3,12,108.17354412798429,1
544,1,10,105.34500166616232,1
544,1,11,105.34500166616232,1
544,10,2,89.31738593379328,1
544,11,2,89.31738593379328,1
544,12,2,89.31738593379328,1
544,10,2,89.30744763625263,1
546,10,1,84.31858403398026,1
546,11,2,81.01684853795346,1
546,12,2,81.01684853795346,1
546,11,2,81.0086122321013,1
546,12,2,81.0086122321013,1
546,12,2,80.84004689066805,1
546,3,10,102.9451513203062,1
546,3,11,102.9451513203062,1
546,3,12,102.9451513203062,1
546,3,12,102.94665261917999,1
547,10,1,90.38196134479423,1
547,11,1,90.38196134479423,1
547,2,12,119.03822235736784,4
547,12,6,86.29981773000556,1
547,12,6,86.1209570062571,5
547,11,7,85.5824495262776,6
547,11,8,85.5824495262776,6
547,11,9,85.5824495262776,6
548,11,1,95.5409981084494,3
548,2,10,104.16955295881877,1
549,10,3,86.76538533949025,1
549,11,10,100.14571574492767,4
549,12,11,100.14571574492767,5
550,10,1,95.82250221195778,4
550,11,1,95.82250221195778,1
550,3,12,103.69136289785416,1
550,6,12,111.72272724887146,4
550,6,12,112.10630408231206,2
550,7,12,112.10630408231206,6
550,8,12,112.10630408231206,2
550,8,2,112.68935653661956,3
550,8,4,112.82879625930367,1
550,9,4,112.82879625930367,2
550,9,5,112.82879625930367,2
550,9,2,113.45459179148025,2
551,1,2,110.70615999796716,3
551,10,2,82.55395009392578,5
552,10,2,82.7923949311566,4
553,1,10,109.51991780040223,3
553,2,11,121.0717317000132,3
553,10,3,96.35963090521918,3
554,1,12,115.68551745408575,1
554,2,12,124.70313371553726,2
554,2,1,125.85493356425116,1
554,2,1,125.8736297664374,1
554,3,1,110.62338634457447,2
555,2,10,120.8025112090418,1
555,2,11,120.8025112090418,1
555,2,12,120.8025112090418,1
555,2,1,122.03647192314341,1
555,3,1,111.30734103902012,1
555,3,4,111.36273804345058,1
556,10,1,87.33013462448855,1
556,11,1,87.33013462448855,1
556,12,1,87.33013462448855,1
556,10,1,87.22876555646627,1
556,11,1,87.22876555646627,1
556,11,2,91.39135294728337,1
556,6,10,106.0742335700684,1
556,6,11,106.0742335700684,1
556,7,12,106.0742335700684,1
556,7,4,107.33880040453741,1
556,8,5,107.33880040453741,1
556,8,1,107.50676402692855,1
556,9,1,107.50676402692855,1
556,9,2,107.51161997243025,1
557,10,1,98.53798208410771,1
557,11,1,98.53798208410771,1
557,12,1,98.53798208410771,1
557,11,1,98.4311034563303,1
557,3,2,129.3393282234185,2
558,1,10,110.07973735545899,3
559,1,10,102.9271352749549,2
560,1,11,118.61219978272663,2
560,1,12,118.61219978272663,2
561,2,10,113.70619250296447,1
561,2,11,113.70619250296447,1
561,2,12,113.70619250296447,1
561,2,10,114.06423928232707,1
561,6,10,111.73501859873087,4
561,7,10,111.73501859873087,4
561,8,10,111.73501859873087,2
561,8,11,111.73501859873087,2
561,9,11,111.73501859873087,4
562,1,10,104.61125339344576,1
562,1,11,104.61125339344576,1
562,1,12,104.61125339344576,1
562,1,11,104.98233963669628,1
562,10,2,80.75437752715814,1
562,11,2,80.75437752715814,1
562,12,2,80.75437752715814,1
563,10,1,86.95679617647984,1
563,11,1,86.95679617647984,1
563,12,1,86.95679617647984,1
563,11,2,81.2801634150625,1
563,12,2,81.2801634150625,1
567,3,10,122.02850293941138,1
568,3,10,106.2998840634148,1
569,1,11,112.85955492846874,1
569,1,12,112.85955492846874,1
569,1,11,112.86394565188075,1
569,1,12,112.86394565188075,1
569,1,10,112.88150854552883,1
569,2,11,119.40717533231273,1
569,2,12,119.40717533231273,1
569,2,10,119.47742690690501,2
570,10,1,82.7155102894679,1
570,11,1,82.7155102894679,1
570,2,10,126.79588484580191,1
570,2,11,126.79588484580191,2
570,3,11,102.91126627585669,1
570,3,12,102.91126627585669,2
570,12,6,93.66810569176488,1
570,10,6,93.6673787015056,1
570,11,6,93.6673787015056,1
570,12,7,93.6673787015056,1
570,10,7,93.66447074046849,1
570,11,7,93.66447074046849,1
570,12,8,93.66447074046849,1
570,12,8,93.56063370466774,2
570,12,9,93.56063370466774,1
570,10,9,93.15515743257858,2
571,10,2,92.4169181437802,5
572,2,10,105.44605552706385,1
572,2,11,105.44605552706385,1
572,2,12,105.44605552706385,1
572,2,12,105.51539836383205,1
572,2,11,105.79496915085663,1
573,10,1,93.58436172165257,1
573,11,2,90.61235033949376,1
573,12,2,90.61235033949376,1
574,2,10,115.67099537674454,2
574,10,6,88.4251448487387,4
574,11,6,88.4251448487387,2
574,11,7,88.4251448487387,2
574,12,7,88.4251448487387,4
574,10,8,88.03453631806312,4
574,11,8,88.03453631806312,2
574,11,9,88.03453631806312,6
575,10,3,99.80674240387216,1
575,11,3,99.80674240387216,1
575,12,3,99.80674240387216,1
575,11,3,99.30255154107874,1
576,3,10,114.2542836210532,1
576,3,11,114.2542836210532,1
576,3,12,114.2542836210532,1
576,3,10,114.32159927769024,1
576,11,6,99.77324080452671,1
576,11,7,99.77324080452671,1
576,11,8,99.77324080452671,1
576,11,9,99.77324080452671,1
577,1,11,125.82170341120741,3
577,1,12,125.82170341120741,1
577,10,2,80.54639727302607,4
577,11,2,80.54639727302607,1
577,11,3,82.38728681331321,2
578,2,12,124.16186550421637,2
578,2,11,124.44705833021345,2
578,3,10,101.91123153317275,1
579,10,3,96.36101498094308,1
579,11,3,96.36101498094308,1
579,12,3,96.36101498094308,1
580,11,3,77.8688547258823,1
580,12,3,77.8688547258823,4
581,2,10,126.89909463780332,1
581,2,11,126.89909463780332,1
581,2,12,126.89909463780332,1
581,2,11,126.91593759437993,1
581,2,12,126.91593759437993,1
582,2,11,107.52673161694074,2
583,10,2,83.89413246450877,1
584,2,10,118.26195783972139,1
584,2,11,118.26195783972139,1
585,1,10,122.73050465101001,1
585,1,11,122.73050465101001,1
585,1,12,122.73050465101001,1
585,1,12,122.74804869492922,1
585,1,10,122.81822487060612,1
585,2,10,108.25290270709492,2
585,11,6,96.75334106279206,1
585,12,6,96.75334106279206,1
585,10,7,96.73004039468461,1
585,11,7,96.73004039468461,1
585,12,8,96.73004039468461,1
585,11,8,96.24712790628955,1
585,11,9,96.24712790628955,2
586,10,2,79.2812372610829,1
587,11,1,92.93948795536846,1
587,12,1,92.93948795536846,1
587,11,1,92.42720396019497,3
589,10,1,96.41074985631155,4
589,3,10,126.50681126517654,1
589,3,11,126.50681126517654,1
590,1,12,118.98402430789284,1
590,3,10,124.52894313872667,1
591,10,1,81.71372379735675,1
591,11,1,81.71372379735675,1
591,12,1,81.71372379735675,1
591,10,1,81.68958598546182,1
591,11,1,81.68958598546182,1
591,12,2,100.92387410945611,1
591,10,2,100.82732286187635,1
591,11,2,100.82732286187635,3
592,3,10,125.9029555638341,1
592,3,11,125.9029555638341,1
592,3,12,125.9029555638341,1
592,3,11,125.92146766668132,1
592,3,12,125.92146766668132,1
593,10,1,97.57298394320134,1
593,11,1,97.57298394320134,1
593,12,1,97.57298394320134,1
593,11,1,97.47676956720781,2
594,12,6,96.08554146710708,2
594,12,7,96.08554146710708,2
594,12,8,96.08554146710708,1
594,1,8,95.97763237221163,1
594,1,9,95.97763237221163,1
594,11,9,95.69933647678806,1
595,10,1,85.70632843705982,1
595,11,1,85.70632843705982,1
595,12,1,85.70632843705982,1
595,12,1,85.22114758433926,2
596,10,1,80.24283621818822,1
598,1,10,113.39913517572239,1
598,1,11,113.39913517572239,1
598,1,12,113.39913517572239,1
598,2,10,114.0112252154525,1
598,2,11,114.0112252154525,1
598,2,12,114.0112252154525,1
598,2,11,114.08734983867689,1
598,3,11,126.31538896950326,2
599,10,1,82.77713903561914,1
599,11,1,82.77713903561914,1
599,12,1,82.77713903561914,1
599,11,1,82.77399174242004,1
599,2,10,122.10289616634684,1
599,2,11,122.10289616634684,1
599,2,12,122.10289616634684,1
599,2,12,122.19342745727644,2
599,12,3,85.10299128402899,1
599,12,10,100.31729950720987,18
600,3,2,82.35707994639748,1
600,3,10,115.44298080764932,3
600,3,6,95.5255468850317,1
600,11,6,95.34762632517982,1
600,11,7,95.34762632517982,2
600,11,8,95.34762632517982,1
600,12,8,95.34762632517982,1
600,12,9,95.34762632517982,2
601,1,10,104.54547442395946,5
601,12,6,88.51992064345976,2
601,12,6,87.94951033660291,3
601,12,7,87.94951033660291,5
601,12,8,87.94951033660291,5
601,12,9,87.94951033660291,5
602,12,3,92.33096844910295,1
603,10,1,78.4789009166418,1
603,11,1,78.4789009166418,1
603,12,1,78.4789009166418,1
603,3,10,118.74414595038523,3
604,3,10,100.12524428424797,1
604,3,11,100.12524428424797,1
605,3,12,104.30474477361841,1
605,3,10,104.42008544642981,2
605,3,11,104.42008544642981,1
606,10,3,75.22433583415105,1
606,11,6,89.78931235854718,1
606,12,6,89.78931235854718,1
606,10,6,89.73151921885676,2
606,11,7,89.73151921885676,2
606,12,7,89.73151921885676,2
606,12,8,89.50034666009512,4
606,12,9,89.50034666009512,4
607,3,10,105.88433659382379,1
607,12,6,97.22342352170469,1
607,12,7,97.22342352170469,1
607,12,8,97.22342352170469,1
607,12,9,97.22342352170469,1
608,10,1,92.9749184316183,1
608,10,3,82.93545317565483,1
608,11,3,82.93545317565483,2
609,1,11,121.24253831182395,1
609,2,12,121.7226218580752,1
609,10,6,91.68206441236359,1
609,11,6,91.68206441236359,1
609,12,6,91.68206441236359,1
609,12,7,91.62381880436868,2
609,12,7,91.39083637238906,1
609,12,8,91.39083637238906,3
609,12,9,91.39083637238906,3
612,10,1,86.35714202627298,1
612,11,1,86.35714202627298,1
612,12,1,86.35714202627298,1
612,10,1,86.30055015012834,1
612,2,10,117.17017876029567,1
612,2,11,117.17017876029567,1
612,2,12,117.17017876029567,1
612,3,11,112.60177776676639,3
613,1,11,108.32390025075324,1
614,1,10,116.96801499176027,1
614,1,11,116.96801499176027,1
614,3,12,118.22113862094642,1
615,1,10,102.61548954127313,1
615,1,11,102.61548954127313,1
615,1,12,102.61548954127313,1
616,1,10,99.77439812889219,1
616,1,11,99.77439812889219,1
616,1,12,99.77439812889219,1
616,1,12,99.91360944822758,1
616,10,2,94.2606002115384,1
616,3,12,119.85070114541027,4
616,3,10,120.00166125676348,1
617,1,10,117.49250323276759,1
617,10,2,81.32677483888726,1
617,11,2,81.32677483888726,1
617,12,2,81.32677483888726,1
617,11,2,81.32440045407613,1
617,12,2,81.32440045407613,1
618,10,1,87.97456421040349,1
618,2,10,122.63425689835782,2
618,2,11,122.63425689835782,2
618,2,12,122.63425689835782,1
618,11,3,79.76211672008391,2
618,12,3,79.76211672008391,2
618,2,3,79.64662942194576,1
619,10,2,83.04428129610717,1
619,11,2,83.04428129610717,1
619,12,2,83.04428129610717,1
619,2,3,87.72049652108133,3
619,12,3,87.60961631464093,2
620,1,10,112.92866305123712,1
620,1,11,112.92866305123712,1
620,1,12,112.92866305123712,1
620,1,12,112.98328990665064,1
620,1,10,113.20198216107545,1
620,6,10,100.07562267158221,1
620,7,10,100.07562267158221,1
620,8,10,100.07562267158221,1
620,9,11,100.07562267158221,1
621,2,11,103.3676957609458,4
622,10,2,90.01371926275388,2
622,11,2,90.01371926275388,2
622,12,3,91.48218887122553,2
622,12,3,91.25277089388231,1
623,1,10,105.23843506270305,2
623,10,2,80.28966891595721,1
623,11,2,80.28966891595721,1
623,12,2,80.28966891595721,1
624,2,10,111.14545739218015,1
624,2,11,111.14545739218015,1
624,12,3,79.93072925989337,2
626,10,1,76.2275064786532,1
626,11,1,76.2275064786532,1
626,12,1,76.2275064786532,1
626,10,2,80.10275283690072,2
626,11,3,96.1921904812796,2
626,12,3,96.1921904812796,2
627,10,1,98.3401638110995,1
627,11,1,98.3401638110995,1
627,12,1,98.3401638110995,1
627,12,1,98.04078622530838,2
627,2,12,103.77766202160845,1
627,2,11,103.82005601420073,2
628,1,10,103.2420485147055,1
628,1,11,103.2420485147055,1
628,12,3,75.36035862082765,4
629,10,1,77.99458180398736,1
629,3,12,102.99752307524238,1
629,3,12,103.04968371971138,2
630,10,1,77.13061481471485,1
630,11,1,77.13061481471485,1
630,12,2,87.00540340097771,1
630,10,2,86.94898951466456,1
630,11,2,86.94898951466456,2
630,3,11,114.79534277517938,2
630,12,6,91.2682960883123,2
630,2,6,90.70652642455163,1
630,2,7,90.70652642455163,3
630,2,8,90.62355567341956,3
630,2,9,90.62355567341956,2
630,3,9,90.58295348361199,1
631,4,3,89.05814222073683,1
631,5,3,89.05814222073683,1
631,1,3,88.89703902311255,2
631,2,3,88.62242010326759,1
632,2,3,80.5281193892063,1
632,10,3,80.22721868712537,1
632,6,10,112.14515340458956,2
632,6,11,112.14515340458956,2
632,6,12,112.14515340458956,2
632,7,11,112.36819873476553,4
632,7,12,112.36819873476553,2
632,8,12,112.36819873476553,6
632,9,12,112.36819873476553,3
632,9,10,112.7941186203265,3
633,1,10,118.34001800167813,4
633,10,2,76.804077570338,1
633,11,2,76.804077570338,1
633,12,2,76.804077570338,1
633,10,2,76.5935408884524,1
636,2,10,100.82579914127638,1
636,2,11,100.82579914127638,1
636,2,12,100.82579914127638,1
636,2,10,100.95707793559772,1
636,3,10,101.91804312592446,3
637,10,1,93.7003438007201,1
637,11,1,93.7003438007201,1
637,12,1,93.7003438007201,1
637,10,2,97.4742868271577,5
638,10,1,94.2814276048054,1
638,11,2,92.80533941931989,1
638,12,2,92.80533941931989,1
638,10,2,92.55223068057543,3
638,3,10,104.36403849092504,1
638,3,11,104.36403849092504,1
639,1,12,99.93921824591166,1
639,1,10,100.10331673881335,2
639,3,11,103.95977123444729,3
640,10,1,75.98320326872121,1
640,11,1,75.98320326872121,1
640,12,1,75.98320326872121,1
640,2,10,108.45507985682906,1
640,2,11,108.45507985682906,1
640,2,12,108.45507985682906,1
640,3,11,114.74525651839346,3
640,3,12,114.74525651839346,2
641,11,2,78.53254844770075,4
642,10,1,75.86767114941449,2
642,2,10,98.93462705550462,1
642,2,11,98.93462705550462,1
642,6,12,100.2385784392277,1
642,7,12,100.40597916247926,1
642,8,12,100.40597916247926,1
642,9,12,100.40597916247926,1
643,2,12,123.48829714602599,1
643,2,11,124.03818233100168,3
644,3,10,110.49181060409633,1
644,3,11,110.49181060409633,1
644,3,12,110.49181060409633,1
644,3,11,111.17134609679889,1
645,10,1,79.13618218318425,1
645,11,1,79.13618218318425,1
645,12,1,79.13618218318425,1
645,11,1,79.0878180559935,1
645,11,3,81.90708437607057,1
645,6,10,110.51399217672989,1
645,6,11,110.51399217672989,1
645,6,12,110.51399217672989,1
645,6,11,111.22594024636416,2
645,7,11,111.22594024636416,5
645,8,11,111.22594024636416,5
645,9,11,111.22594024636416,5
646,10,1,86.77632020186306,1
646,11,1,86.77632020186306,1
646,3,11,119.07417683529245,3
647,12,1,83.44808872334912,1
647,12,1,83.38629910471244,2
647,11,1,83.1928425959494,1
647,6,10,111.35401538939726,6
647,7,10,111.35401538939726,1
647,7,11,111.35401538939726,5
647,8,11,111.35401538939726,2
647,8,12,111.35401538939726,4
647,9,12,111.35401538939726,3
647,9,11,111.89272321299443,3
648,2,10,120.65818025130694,1
648,2,11,120.65818025130694,1
648,11,6,89.74792845086635,4
648,11,7,89.74792845086635,1
648,12,7,89.74792845086635,3
648,12,8,89.74792845086635,4
648,12,9,89.74792845086635,3
648,4,9,88.66807607088464,1
649,10,1,80.32854161088878,2
649,2,12,122.72993204020389,1
649,2,11,123.40331681970034,1
649,2,12,123.40331681970034,1
649,6,12,103.97703295039227,2
649,7,12,103.97703295039227,2
649,8,12,103.97703295039227,2
649,9,12,103.97703295039227,2
651,6,10,109.13916997689986,1
651,6,11,109.13916997689986,1
651,6,12,109.13916997689986,1
651,6,10,109.15636112454757,1
651,6,11,109.15636112454757,1
651,7,12,109.15636112454757,1
651,7,12,109.89851049463486,4
651,8,12,109.89851049463486,5
651,9,12,109.89851049463486,5
652,10,1,83.66887955457295,1
652,2,12,119.17152583983457,5
652,3,4,109.59634164614098,1
652,3,5,109.59634164614098,2
652,3,12,109.93746981148351,1
652,3,1,110.1901441313731,1
653,11,1,94.6705790081686,1
653,12,1,94.6705790081686,1
653,11,1,94.66335176249433,2
654,2,10,99.32257875091256,1
654,12,6,91.46642015602231,2
654,3,6,90.5449282251852,1
654,3,7,90.5449282251852,2
654,4,7,90.26151127899809,1
654,4,8,90.26151127899809,1
654,5,8,90.26151127899809,2
654,2,9,89.98411952006492,3
655,2,3,85.30294826213154,1
655,1,3,85.20700438597527,3
655,1,3,85.14238621322951,1
656,10,1,92.82506966550261,1
657,1,10,106.85110334512204,1
657,1,11,106.85110334512204,1
657,1,12,106.85110334512204,1
657,1,11,106.88865992927776,1
657,10,2,97.2078494435226,3
657,11,2,97.2078494435226,1
657,11,3,93.77330510861614,1
657,11,6,93.62400810959453,1
657,12,6,93.62400810959453,1
657,12,7,93.62400810959453,2
657,10,8,93.34384564900671,2
657,10,9,93.34384564900671,2
658,10,3,96.11264460290138,1
660,10,3,94.19238426370825,1
660,11,3,94.19238426370825,1
660,12,3,94.19238426370825,1
660,11,6,96.17140877107683,1
660,12,7,96.17140877107683,1
660,10,8,95.82120569534204,1
660,10,9,95.82120569534204,1
661,6,10,105.33418969850513,1
661,6,11,105.33418969850513,1
661,6,12,105.33418969850513,1
661,7,10,105.34009565905606,1
661,7,11,105.34009565905606,1
661,7,12,105.34009565905606,1
661,8,12,105.38051417267963,1
661,8,10,105.52351326362827,2
661,9,10,105.52351326362827,3
662,10,3,94.39919145669924,3
662,6,10,102.3833673831914,1
662,7,10,102.3833673831914,1
662,8,11,102.3833673831914,1
662,9,11,102.3833673831914,1
663,1,10,100.49564305073727,1
663,1,11,100.49564305073727,1
663,1,12,100.49564305073727,1
663,11,2,90.74124642325194,2
663,11,3,75.92380930375282,1
663,12,3,75.92380930375282,2
663,6,11,101.87416708737145,1
663,7,11,101.87416708737145,1
663,8,11,101.87416708737145,1
663,9,11,101.87416708737145,1
664,1,11,114.97021292359798,1
664,1,12,114.97021292359798,4
666,1,10,106.86672000428936,1
666,10,3,97.54967347630054,1
666,11,3,97.54967347630054,1
666,12,3,97.54967347630054,1
666,12,3,97.47428145768595,1
666,10,3,97.19631096960282,1
667,10,1,76.42750504828074,1
667,11,2,90.18982888723482,1
667,12,2,90.18982888723482,1
667,10,2,89.82208624810094,1
668,10,3,75.87619445588027,1
669,1,10,107.00035585640177,1
669,1,11,107.00035585640177,1
669,1,12,107.00035585640177,1
670,10,1,89.60891256225173,1
670,11,1,89.60891256225173,1
670,12,1,89.60891256225173,1
670,10,1,89.53941111165386,1
670,2,11,116.02823876292229,1
670,2,12,116.02823876292229,1
670,2,10,116.06495825644586,1
670,2,11,116.06495825644586,1
671,10,1,82.51562411228338,1
671,11,1,82.51562411228338,1
671,12,3,82.44310391108301,1
671,10,3,82.35483088776772,2
672,1,10,104.47253804371014,1
672,1,11,104.47253804371014,1
672,11,2,83.62707808542683,1
672,3,12,123.04824584525166,1
672,3,12,123.08173625902296,1
672,3,12,123.22861423311727,1
673,10,1,82.70720508814196,1
673,11,2,77.3476402527196,1
673,12,2,77.3476402527196,1
673,11,2,77.27593532211569,2
673,12,2,77.27593532211569,1
673,12,3,84.93170874935318,2
673,10,3,84.65370294696169,2
674,10,1,91.34360343227831,2
674,11,1,91.34360343227831,3
674,2,10,110.26960122520505,1
674,2,11,110.26960122520505,1
675,10,1,96.35512080692943,3
675,11,1,96.35512080692943,2
675,2,12,99.12823031790833,1
675,2,12,99.27602123542823,2
675,2,3,76.7050563158422,1
676,6,2,107.65210641138583,1
676,6,1,108.02175648874254,2
676,7,1,108.02175648874254,2
676,7,11,108.04978687156054,1
676,8,11,108.04978687156054,1
676,8,12,108.04978687156054,2
676,9,12,108.04978687156054,3
676,2,10,99.5130646701301,1
677,10,1,74.79394695157224,1
677,11,1,74.79394695157224,1
677,12,1,74.79394695157224,1
677,11,1,74.72185853907625,1
677,2,10,113.70716280507253,3
677,12,6,97.0303743252957,1
677,12,7,97.0303743252957,1
677,12,8,97.0303743252957,1
677,11,9,96.74202067531175,1
678,11,1,89.99392508387979,1
678,2,10,100.51113222001034,1
679,1,10,101.30286911880268,2
679,10,2,79.29164441328206,2
679,11,2,79.29164441328206,1
680,11,1,84.89605546604004,1
680,2,10,105.65348313111893,1
680,2,11,105.65348313111893,1
681,2,12,107.3210293286406,1
681,2,10,107.41590261636797,1
681,2,11,107.41590261636797,3
682,10,3,96.25252458037394,1
682,11,3,96.25252458037394,1
682,12,3,96.25252458037394,1
682,10,3,96.2394641875603,1
682,11,3,96.2394641875603,1
684,12,2,96.3521779963911,1
684,12,2,96.29993642513656,2
684,11,3,96.11287605799194,2
685,10,1,96.39074936036118,1
685,11,1,96.39074936036118,1
685,12,1,96.39074936036118,1
685,11,3,93.10667116090247,4
686,11,1,81.57720695227135,2
686,11,2,96.84830884798149,1
686,12,2,96.84830884798149,3
686,12,3,78.93933786703579,3
687,10,1,94.54274787115111,3
687,2,10,99.31692005457977,1
687,2,11,99.31692005457977,1
687,3,12,108.62945364972741,1
687,3,10,108.63232509814199,1
687,3,11,108.63232509814199,1
687,3,12,108.63232509814199,1
687,3,10,108.65522714552299,1
688,1,11,103.81676119742122,1
688,1,12,103.81676119742122,1
688,1,11,103.89530899413154,1
688,10,2,92.14354818402207,1
688,11,2,92.14354818402207,1
688,12,2,92.14354818402207,1
688,11,2,92.07410837161729,1
688,11,3,74.75951190682571,2
689,1,10,108.39222073716543,1
689,1,11,108.39222073716543,1
689,1,12,108.39222073716543,1
689,12,2,92.31841549968412,3
691,10,2,85.9535677043173,1
691,11,2,85.9535677043173,1
691,12,2,85.9535677043173,1
691,12,2,85.60620591031326,2
691,3,10,115.87697093666645,1
691,3,11,115.87697093666645,1
691,3,12,115.87697093666645,1
691,3,12,115.96096366907922,1
691,12,6,86.42869424476106,5
691,12,7,86.42869424476106,1
691,4,7,85.56538535091744,2
691,5,7,85.56538535091744,2
691,2,8,85.21147167077916,4
691,1,8,85.14748235350774,1
691,1,9,85.14748235350774,2
691,10,9,85.05301930982786,3
692,1,12,109.77343339035187,3
692,1,10,110.09632405152703,2
692,10,2,96.03891498118699,1
692,11,2,96.03891498118699,1
692,12,2,96.03891498118699,1
692,3,10,108.33931616439325,2
694,10,1,82.62135907146192,1
694,2,10,119.72036148580638,1
694,2,11,119.72036148580638,1
694,2,12,119.72036148580638,1
694,2,10,120.12166486835946,2
694,10,3,84.05272914523682,1
695,1,10,111.83704077129279,1
695,3,10,114.12347019522794,5
696,3,10,106.45506104713064,1
696,10,6,95.98272716205372,1
696,10,7,95.98272716205372,1
696,11,8,95.98272716205372,1
696,11,9,95.98272716205372,1
697,12,1,83.85061477182967,2
697,10,1,83.62740290836544,2
698,1,10,113.89625822780661,1
698,1,11,113.89625822780661,1
698,1,12,113.89625822780661,1
698,1,10,113.9804724031275,2
699,10,1,81.2766895499939,1
699,11,1,81.2766895499939,1
699,12,1,81.2766895499939,1
699,10,1,81.26397427690559,1
699,3,11,114.82781756578669,3
699,3,12,114.82781756578669,2
699,11,6,91.53670784637586,1
699,12,6,91.53670784637586,1
699,10,6,91.26263489055839,1
699,10,7,91.26263489055839,3
699,10,8,91.26263489055839,3
699,11,9,91.26263489055839,3
700,11,1,76.71026692884202,4
700,11,2,80.89704830818624,2
700,11,10,97.99882560969063,2
700,12,11,97.99882560969063,2
701,1,12,102.2765059281379,2
701,1,10,102.41218146286056,2
701,4,2,82.69354505001962,1
701,10,2,82.40147195831722,1
702,10,1,74.81755893332235,5
702,3,10,112.71811882090655,3
703,10,1,86.30728361039371,1
703,11,1,86.30728361039371,1
703,12,1,86.30728361039371,1
703,10,1,86.06647516222796,2
703,10,2,94.30797499470967,3
703,11,2,94.30797499470967,1
703,3,10,106.15185622935437,3
703,3,11,106.15185622935437,1
705,10,1,82.93522765670349,1
705,10,3,89.35963606429192,1
705,11,3,89.35963606429192,2
705,12,6,92.32644111169526,2
705,11,7,92.12558912069187,2
705,11,8,92.12558912069187,2
705,11,9,92.12558912069187,2
706,10,1,80.53029330375502,1
706,11,1,80.53029330375502,1
707,12,1,82.22180200250958,1
707,2,1,82.09071927808331,2
707,2,10,116.90289810285103,1
707,2,11,116.90289810285103,1
707,2,12,116.90289810285103,1
707,2,10,116.94029042486626,1
708,2,3,81.00631842016402,1
708,6,10,98.25981142192376,1
708,7,11,98.25981142192376,1
708,8,12,98.25981142192376,1
708,9,11,98.3065518244428,1
709,10,2,76.98230848751851,1
710,2,10,98.05391026412417,1
710,11,3,83.85345160071199,1
710,12,3,83.85345160071199,1
710,11,3,83.63428914425637,1
710,11,6,91.28471986034396,2
710,12,6,91.28471986034396,1
710,12,7,91.28471986034396,3
710,12,8,91.28471986034396,3
710,12,9,91.28471986034396,3
712,2,11,98.50758396696743,1
712,2,12,98.50758396696743,1
712,2,12,98.55295192205733,1
712,2,11,98.71277775070678,1
712,10,3,82.5879784173695,1
712,11,3,82.5879784173695,1
713,3,10,113.63255390497261,1
713,6,11,101.36535078718116,1
713,7,12,101.36535078718116,1
713,8,11,101.5740308847276,1
713,9,11,101.5740308847276,1
714,12,2,79.11816925439348,1
714,10,2,79.11188471442117,1
714,11,2,79.11188471442117,1
714,12,2,79.11188471442117,1
714,6,10,98.39329125457546,1
714,7,11,98.39329125457546,1
714,8,12,98.39329125457546,1
714,9,11,98.60284293057369,1
715,1,11,105.47510630489523,3
715,1,12,105.47510630489523,1
716,1,10,119.94568193809353,2
716,1,11,119.94568193809353,2
716,1,12,119.94568193809353,1
716,2,12,110.16784068761163,1
716,2,12,110.32510192374116,2
716,10,3,85.10451320220099,1
716,11,3,85.10451320220099,1
716,12,3,85.10451320220099,1
716,4,3,83.98379600827175,1
717,10,6,96.24435878811212,1
717,10,7,96.24435878811212,1
717,10,8,96.24435878811212,1
717,10,9,96.24435878811212,1
718,10,2,78.14323082016571,2
719,10,1,79.60784042874901,2
719,11,3,94.86971269870853,2
720,3,10,100.03766857917103,1
720,3,11,100.03766857917103,1
720,3,12,100.03766857917103,1
720,3,12,100.23424512433293,2
721,2,1,109.57162611437582,4
721,3,1,112.8165730712576,1
722,3,10,117.3899492082913,2
722,3,11,117.3899492082913,2
722,3,12,117.3899492082913,1
722,6,12,102.9491209000285,1
722,6,12,103.1064344356322,1
722,7,12,103.1064344356322,2
722,8,12,103.36234834561705,1
722,8,1,103.3872740804961,1
722,9,1,103.3872740804961,2
723,10,2,96.6671036226684,1
723,11,2,96.6671036226684,1
723,12,2,96.6671036226684,1
723,10,3,84.13470813306638,1
723,11,3,84.13470813306638,1
723,12,3,84.13470813306638,1
723,6,10,106.96151505335081,1
723,6,11,106.96151505335081,1
723,6,12,106.96151505335081,1
723,6,1,107.43899661771931,1
723,7,10,107.75092758412373,1
723,7,11,107.75092758412373,3
723,8,11,107.75092758412373,4
723,9,11,107.75092758412373,4
724,2,10,113.08464201495474,1
724,2,11,113.08464201495474,1
724,2,12,113.08464201495474,1
724,12,3,75.72945680939326,2
724,10,3,75.50410662611876,1
725,10,1,85.13480795669,1
725,11,1,85.13480795669,1
725,3,11,99.69015844973285,5
726,1,10,109.9053219604123,3
726,2,10,109.27378196854781,1
727,1,10,114.32493745305526,1
727,1,11,114.32493745305526,1
727,12,2,77.03071326643355,1
727,10,2,76.75149990491992,4
727,3,12,116.43818239656576,1
727,3,10,116.58969019220663,3
728,2,10,119.25478221682394,1
728,2,11,119.25478221682394,1
728,2,12,119.25478221682394,1
728,2,11,119.44416696137502,2
729,1,11,104.74116990438705,3
729,10,3,88.98444981705237,1
729,10,6,94.80411881363989,1
729,11,7,94.80411881363989,1
