time,buyer,seller,price,qty
0,3,9,98.03668228001939,2
0,4,10,98.03668228001939,2
1,1,11,100.65736208282937,2
1,1,12,100.65736208282937,2
1,1,13,100.65736208282937,1
1,3,9,97.86148069860002,2
1,4,9,97.86148069860002,2
1,12,10,97.8471192071265,4
2,5,11,106.69834091299298,1
2,5,12,106.69834091299298,1
2,5,13,106.69834091299298,1
2,6,14,106.69834091299298,1
2,6,15,106.69834091299298,1
2,6,3,106.70616411537002,1
2,7,3,106.70616411537002,3
2,8,4,106.70616411537002,3
2,12,9,97.8254972556222,5
2,12,10,97.8254972556222,5
2,13,11,99.05749313948333,1
2,13,12,99.05749313948333,1
2,14,13,99.05749313948333,1
2,15,14,99.05749313948333,1
3,3,1,89.7546161135568,1
3,4,1,89.7546161135568,1
3,11,1,88.10743088160956,1
3,5,15,99.16401039358198,1
3,6,3,99.1734535848998,1
3,7,3,99.1734535848998,1
3,8,3,99.1734535848998,1
3,3,9,97.79901156289246,2
3,4,9,97.79900739622579,2
4,1,9,105.5857835726589,1
4,1,10,105.5857835726589,1
4,2,10,97.9953377422848,2
4,3,9,94.94672031990143,2
4,4,9,94.94670365323475,1
4,11,9,94.75317432002694,1
4,11,10,94.75317432002694,4
4,11,3,96.89426942233044,3
4,11,4,96.89428608899712,4
4,11,10,97.08781542220491,2
5,11,2,92.47909466938711,2
5,3,9,97.08271980828232,2
5,4,9,97.08271147494898,2
5,11,10,96.73419892309357,4
5,11,3,98.51654018354802,3
5,11,4,98.51654851688134,3
6,11,2,85.85776428990573,1
6,12,2,85.85776428990573,4
6,3,9,97.61672280537755,2
6,4,9,97.61671447204421,2
6,12,10,97.5385769081695,3
6,13,10,97.5385769081695,1
6,11,3,98.9221047488524,1
6,12,3,98.9221047488524,1
6,13,3,98.9221047488524,1
6,14,4,98.92211308218573,1
6,15,4,98.92211308218573,1
7,13,2,95.47379957659285,1
7,3,5,86.68176969186732,2
7,4,5,86.68175719186732,2
7,13,5,86.64268840992996,2
7,13,6,86.64268840992996,3
7,14,6,86.64268840992996,3
7,14,7,86.64268840992996,4
7,15,7,86.64268840992996,2
7,15,8,86.64268840992996,5
7,11,8,86.10193010063522,1
7,11,9,96.95972653648585,4
7,11,10,96.95972653648585,4
7,11,3,98.8634974092797,2
7,12,3,98.8634974092797,1
7,12,4,98.8635099092797,1
7,13,4,98.8635099092797,2
8,1,11,100.9392111197478,1
8,1,12,100.9392111197478,1
8,1,13,100.9392111197478,1
8,14,2,92.69613345423093,1
8,3,9,97.73094063523644,2
8,4,9,97.73092813523644,2
8,14,10,97.71061399787257,1
8,15,10,97.71061399787257,2
8,11,10,97.05420050222283,1
8,11,3,99.00883780528531,1
8,12,3,99.00883780528531,1
8,13,3,99.00883780528531,1
8,14,4,99.0088503052853,1
8,15,4,99.0088503052853,1
9,11,2,84.74222898209125,3
9,3,9,97.06267626430216,2
9,4,9,97.0626595976355,2
9,12,10,96.72429578112869,4
9,11,3,98.50128791385845,3
9,11,4,98.5013045805251,3
10,3,9,97.6117244193825,2
10,4,9,97.61170775271583,2
10,11,10,97.53102258833732,1
10,12,10,97.53102258833732,3
10,11,3,98.91827918143001,1
10,12,3,98.91827918143001,1
10,13,3,98.91827918143001,1
10,14,4,98.91829584809668,1
10,15,4,98.91829584809668,1
11,12,1,90.3177110281878,3
11,3,9,97.53205198622538,2
11,4,9,97.53203115289205,2
11,12,10,97.49168857070279,1
11,13,10,97.49168857070279,3
11,11,3,98.85776114147944,2
11,12,3,98.85776114147944,1
11,12,4,98.85778197481278,1
11,13,4,98.85778197481278,2
12,1,14,100.94390743766698,1
12,3,5,88.20897713309503,3
12,4,5,88.2089562997617,2
12,14,6,88.1876805622089,2
12,15,6,88.1876805622089,2
12,13,6,88.06885337522412,1
12,13,7,88.06885337522412,3
12,14,7,88.06885337522412,2
12,14,8,88.06885337522412,5
12,15,9,97.58895084199239,3
12,15,10,97.58895084199239,3
12,11,3,99.00739123833526,1
12,12,3,99.00739123833526,1
12,13,3,99.00739123833526,1
12,14,4,99.00741207166858,1
12,15,4,99.00741207166858,1
13,1,4,104.70360654445813,1
13,1,15,104.72488228201092,1
13,3,9,97.59072296188245,3
13,4,10,97.59070629521577,2
13,15,10,97.52065066628032,1
13,11,3,98.90231404493207,2
13,12,3,98.90231404493207,1
13,12,4,98.90233071159875,1
13,13,4,98.90233071159875,2
14,2,13,100.55531289662008,1
14,2,14,100.55531289662008,2
14,2,15,100.55531289662008,1
14,3,9,97.80315793972596,3
14,4,10,97.80314543972597,2
14,14,10,97.75920317371707,1
15,3,9,97.74475602131926,2
15,4,10,97.74474768798594,2
16,11,2,88.77294983061199,1
16,12,2,88.77294983061199,1
16,13,2,88.77294983061199,1
16,14,2,88.77294983061199,1
18,1,11,101.4165117155901,1
18,1,12,101.4165117155901,1
18,1,13,101.4165117155901,1
18,11,2,92.84036713365795,1
19,12,2,92.78826289329047,1
21,1,11,107.2904734000314,1
21,1,12,107.2904734000314,1
21,1,13,107.2904734000314,1
21,9,14,100.28107894355767,1
21,9,15,100.28107894355767,1
21,10,11,100.28139251773393,1
21,10,12,100.28139251773393,1
22,11,1,93.01297979306575,1
22,12,1,93.01297979306575,1
22,13,1,93.01297979306575,1
22,14,1,93.01297979306575,1
22,15,1,93.01297979306575,1
22,2,13,110.44832089265134,1
22,2,14,110.44832089265134,1
22,2,15,110.44832089265134,1
22,2,14,110.45065987620262,1
22,9,15,100.2839910068614,1
22,9,3,100.29397687278328,1
22,10,3,100.29397687278328,2
23,11,1,85.092807439122,1
23,12,5,88.53577691715716,1
23,13,5,88.53577691715716,1
23,14,5,88.53577691715716,1
23,15,5,88.53577691715716,1
23,13,5,88.53469223031092,1
23,14,6,88.53469223031092,1
23,15,6,88.53469223031092,1
23,11,6,88.53007373342466,1
23,12,6,88.53007373342466,1
23,13,6,88.53007373342466,1
23,14,7,88.53007373342466,1
23,15,7,88.53007373342466,1
23,15,7,88.52391851535408,1
23,3,7,88.52342826695056,2
23,4,8,88.52340743361722,2
23,14,8,88.48491963954729,1
23,15,8,88.48491963954729,2
23,9,11,100.28115183780226,1
23,9,12,100.28115183780226,1
23,9,13,100.28115183780226,1
23,9,14,100.28115183780226,1
23,10,15,100.28115183780226,1
23,10,3,100.29350048800887,3
24,1,4,110.11530485940563,1
24,11,5,93.09356750410386,1
24,12,5,93.09356750410386,1
24,13,5,93.09356750410386,1
24,14,6,93.09356750410386,1
24,15,6,93.09356750410386,1
24,3,6,93.0873053489324,1
24,3,7,93.0873053489324,1
24,4,7,93.08727618226574,2
24,12,8,92.37314608104603,3
24,9,3,100.3062278105644,3
24,10,4,100.30625697723107,3
25,11,3,98.5176096895809,3
25,11,4,98.51763885624757,3
26,1,11,102.5046169439268,1
26,1,12,102.5046169439268,1
26,11,3,98.92346558972685,1
26,12,3,98.92346558972685,1
26,13,4,98.9234697563935,1
26,14,4,98.9234697563935,1
26,15,4,98.9234697563935,1
27,2,13,100.7472938511398,1
27,2,14,100.7472938511398,1
27,2,15,100.7472938511398,1
27,2,15,100.80599770115901,1
27,5,4,107.4602324066614,3
27,5,3,107.46024907332807,1
27,6,3,107.46024907332807,1
27,6,13,107.73570934093064,3
27,7,13,107.73570934093064,4
27,8,14,107.73570934093064,4
28,1,14,99.99040670115008,4
28,4,11,99.19174935708982,2
28,4,12,99.19174935708982,1
28,3,12,99.1917285237565,1
28,3,13,99.1917285237565,2
32,11,1,85.88579119331754,1
32,12,2,94.66096402760445,1
32,13,2,94.66096402760445,1
32,14,2,94.66096402760445,1
33,1,11,104.30871652479617,1
33,1,12,104.30871652479617,1
33,1,13,104.30871652479617,1
33,1,14,104.30871652479617,1
33,1,15,104.30871652479617,1
33,2,11,104.78606851981124,1
34,1,12,110.33811409884083,1
34,1,13,110.33811409884083,1
34,1,14,110.33811409884083,1
34,1,15,110.33811409884083,1
34,2,11,101.96406500040104,1
34,2,12,101.96406500040104,1
34,2,13,101.96406500040104,1
34,11,5,94.42289067097431,1
34,12,5,94.42289067097431,1
34,13,6,94.42289067097431,1
34,14,6,94.42289067097431,1
34,15,7,94.42289067097431,1
34,15,7,94.42181636764326,1
34,4,8,94.41170888390712,2
35,1,11,110.79993643001188,1
35,2,12,103.88594619747386,1
35,2,13,103.88594619747386,1
35,2,14,103.88594619747386,1
36,11,1,92.4656422305998,1
36,12,1,92.4656422305998,1
36,13,1,92.4656422305998,1
36,14,1,92.4656422305998,1
36,15,1,92.4656422305998,1
36,2,15,109.39162370855007,1
37,1,14,107.83810220411979,1
37,1,15,107.83810220411979,1
37,1,4,107.8421785327292,3
38,11,2,94.19087777237341,1
38,12,2,94.19087777237341,1
40,11,1,94.94563120669208,1
40,12,2,88.55452828082437,1
40,13,2,88.55452828082437,1
40,14,5,90.20593345526032,1
40,15,5,90.20593345526032,1
40,13,5,90.20544758653713,1
40,14,5,90.20544758653713,1
40,15,6,90.20544758653713,1
40,4,6,90.19360958939649,3
40,3,7,90.19359292272982,3
40,11,7,90.18161628905105,1
40,12,8,90.18161628905105,1
40,13,8,90.18161628905105,1
40,14,8,90.18161628905105,1
40,15,8,90.18161628905105,1
41,1,11,112.1174832439142,1
41,1,12,112.1174832439142,1
41,1,13,112.1174832439142,1
41,1,14,112.1174832439142,1
41,1,15,112.1174832439142,1
41,2,11,105.51780761929191,1
41,11,3,98.92117443117792,1
41,12,3,98.92117443117792,1
41,13,4,98.92118276451126,1
41,14,4,98.92118276451126,1
41,15,4,98.92118276451126,1
42,11,4,98.97923900289047,1
42,12,4,98.97923900289047,1
42,13,4,98.97923900289047,1
42,14,3,98.97925150289046,1
42,15,3,98.97925150289046,1
43,1,12,113.43993961771145,1
43,1,13,113.43993961771145,1
43,1,14,113.43993961771145,1
43,4,2,92.78002520831376,3
43,3,2,92.78001270831376,2
43,11,4,99.00827649708006,1
43,12,4,99.00827649708006,1
43,13,4,99.00827649708006,1
43,14,3,99.00828899708006,1
43,15,3,99.00828899708006,1
44,4,1,96.98487171034766,2
44,4,2,88.7380900725465,1
44,3,2,88.7380775725465,3
44,11,2,88.60282090075322,1
45,2,4,106.88412024995266,1
46,11,1,85.98708932199247,1
46,12,1,85.98708932199247,1
46,13,1,85.98708932199247,1
46,14,1,85.98708932199247,1
46,15,1,85.98708932199247,1
46,2,15,100.65606307232855,1
46,11,9,97.79180990524085,1
46,12,9,97.79180990524085,1
46,13,10,97.79180990524085,1
46,14,10,97.79180990524085,1
47,2,11,108.95921059480817,1
47,2,12,108.95921059480817,1
47,2,13,108.95921059480817,1
47,2,14,108.95921059480817,1
47,2,15,108.95921059480817,1
47,11,5,94.98729159145626,1
47,12,5,94.98729159145626,1
47,13,6,94.98729159145626,1
47,14,6,94.98729159145626,1
47,15,7,94.98729159145626,1
47,15,7,94.97754466016707,1
47,4,8,94.97623465388384,2
47,4,9,97.79308086645048,1
47,3,9,97.79307669978382,2
47,3,10,97.79307669978382,1
47,1,10,97.67543391640459,2
48,12,1,87.37082090988568,1
48,2,11,111.27860010988994,1
48,2,12,111.27860010988994,1
48,3,9,97.66443452837613,2
48,4,9,97.66443036170946,1
48,4,10,97.66443036170946,1
48,12,10,97.56248673616149,2
48,11,3,98.95830484437874,1
48,12,3,98.95830484437874,1
48,13,3,98.95830484437874,1
48,14,4,98.95830901104543,1
48,15,4,98.95830901104543,1
49,12,2,94.43372916871519,3
49,3,9,97.56376936481416,3
49,4,10,97.56376103148084,2
49,12,10,97.51278921870684,1
50,11,2,92.00881560606055,1
50,12,2,92.00881560606055,1
50,13,9,97.58644599411227,1
50,14,9,97.58644599411227,1
50,15,9,97.58644599411227,1
50,3,9,97.57881109770955,1
50,3,10,97.57881109770955,1
50,4,10,97.57880693104286,2
50,13,10,97.5202210551995,1
51,13,1,98.42140968157295,3
51,3,9,97.50753592831907,2
51,4,9,97.5075317616524,2
51,13,9,97.48503869309533,1
51,13,10,97.48503869309533,2
51,14,10,97.48503869309533,3
51,11,3,98.78398452481505,1
51,12,3,98.78398452481505,1
51,13,3,98.78398452481505,1
51,14,4,98.78398869148172,1
51,15,4,98.78398869148172,1
52,14,1,88.51435980963453,4
52,15,1,88.51435980963453,1
52,15,2,91.39001070868943,1
52,3,9,97.48532818978563,2
52,4,9,97.4853198564523,2
52,15,9,97.47407332217378,1
52,15,10,97.47407332217378,4
52,2,10,97.29407796538378,1
52,11,3,98.76711055673061,1
52,12,3,98.76711055673061,1
52,13,3,98.76711055673061,1
52,14,4,98.76711889006393,1
52,15,4,98.76711889006393,1
53,1,4,106.62107785574571,1
53,1,11,106.6548174585813,1
53,12,2,96.7536903389582,2
53,3,9,97.29648098902214,2
53,4,9,97.2964726556888,2
53,12,9,96.83971836674993,1
53,12,10,96.83971836674993,5
53,11,3,98.62367497176254,2
53,12,3,98.62367497176254,1
53,12,4,98.62368330509588,1
53,13,4,98.62368330509588,2
54,1,12,106.41215254462031,1
54,1,13,106.41215254462031,1
54,1,14,106.41215254462031,1
54,1,15,106.41215254462031,1
54,14,2,89.58837763630217,2
54,15,2,89.58837763630217,1
54,5,3,100.82763627193782,1
54,6,3,100.82763627193782,1
54,7,3,100.82763627193782,1
54,8,4,100.82764460527115,1
54,3,9,97.5061265865474,2
54,4,9,97.50611825321405,2
54,15,9,97.48289693143929,1
54,12,10,96.94321223768013,5
54,11,4,98.7829004783218,1
54,12,4,98.7829004783218,1
55,3,9,97.6666027936403,2
55,4,9,97.66659446030695,2
55,13,9,97.61519108579111,1
55,14,10,97.61519108579111,1
55,15,10,97.61519108579111,1
55,12,10,97.02243261206776,3
56,12,2,90.77118263224088,5
56,3,9,96.99512962544293,2
56,4,9,96.99512129210959,2
56,13,10,96.69094997207159,4
56,11,3,98.39480051841124,3
56,11,4,98.39480885174457,2
56,12,4,98.39480885174457,1
57,2,1,108.51208809504543,3
57,2,11,108.67180259809594,1
57,12,9,97.30238655068119,4
57,13,10,97.30238655068119,4
57,11,3,98.62255538143823,2
57,12,3,98.62255538143823,1
57,12,4,98.62256371477156,1
57,13,4,98.62256371477156,2
58,14,1,92.33971764742864,2
58,3,9,97.52770943357612,3
58,4,9,97.52770943357612,1
58,4,10,97.52770943357612,1
58,15,10,97.4931778898081,2
58,13,10,97.41725821324354,1
59,11,1,93.26352761814306,1
59,12,1,93.26352761814306,1
59,13,2,87.49950357229534,1
59,14,2,87.49950357229534,1
59,15,2,87.49950357229534,1
59,3,9,97.55177755553099,2
59,4,9,97.55177338886432,2
59,14,10,97.42914200129721,4
60,11,9,97.57897934533973,1
60,12,9,97.57897934533973,1
60,13,9,97.57897934533973,1
60,14,10,97.57897934533973,1
60,15,10,97.57897934533973,1
60,3,10,97.56982755324717,1
61,2,3,111.67476770910307,3
61,11,9,97.59024129143705,1
61,12,9,97.59024129143705,1
61,13,9,97.59024129143705,1
61,14,10,97.59024129143705,1
61,15,10,97.59024129143705,1
61,3,10,97.58338786403428,1
62,1,11,101.25720436957292,1
62,1,12,101.25720436957292,1
62,1,13,101.25720436957292,1
62,1,14,101.25720436957292,1
62,1,15,101.25720436957292,1
62,2,3,103.55710385537742,3
62,3,9,97.56884799295796,3
62,4,10,97.56882715962462,2
62,14,10,97.43756506534343,1
63,1,3,113.33300268214349,3
63,1,4,113.33302351547681,2
63,2,4,113.06962892372401,1
63,11,9,97.5896121008981,1
63,12,9,97.5896121008981,1
63,13,10,97.5896121008981,1
63,14,10,97.5896121008981,1
64,15,2,98.07148127335955,1
64,3,2,98.06450174127883,3
64,4,2,98.06448507461215,1
64,3,9,97.57516328864165,2
64,4,10,97.57515495530832,2
65,11,3,98.72499340967573,1
65,12,3,98.72499340967573,1
65,13,3,98.72499340967573,1
65,14,4,98.72500174300907,1
65,15,4,98.72500174300907,1
66,3,1,88.79739627853539,1
66,2,4,104.87471792500324,1
66,2,11,104.93561074101996,1
66,2,12,104.93561074101996,1
66,2,13,104.93561074101996,1
66,11,3,98.7249913263424,1
66,12,3,98.7249913263424,1
66,13,3,98.7249913263424,1
66,14,4,98.72499549300909,1
66,15,4,98.72499549300909,1
67,3,1,88.47753657416652,2
67,4,1,88.47753240749985,2
67,15,1,88.41662292481647,1
67,11,3,98.72499028467575,1
67,12,3,98.72499028467575,1
67,13,3,98.72499028467575,1
67,14,4,98.7249986180091,1
67,15,4,98.7249986180091,1
68,3,1,85.38862043521542,1
68,2,4,112.75923020683587,1
68,2,14,112.82012927285257,1
68,2,15,112.82012927285257,1
68,11,3,98.72498820134241,1
68,12,3,98.72498820134241,1
68,13,3,98.72498820134241,1
68,14,4,98.72499236800908,1
68,15,4,98.72499236800908,1
69,1,4,110.04072058098845,1
69,1,11,110.10351577278806,1
69,1,12,110.10351577278806,1
69,11,4,98.72499965967575,1
69,12,4,98.72499965967575,1
69,13,3,98.7250038263424,1
69,14,3,98.7250038263424,1
70,1,13,108.4033383782674,1
70,1,14,108.4033383782674,1
70,1,15,108.4033383782674,1
70,1,12,108.42459771788502,1
70,15,2,91.13449486941884,1
70,4,2,91.0853532494585,2
72,1,4,99.62224649938832,2
72,1,3,99.62225899938832,1
72,11,2,84.11529724595805,1
72,12,2,84.11529724595805,1
72,13,2,84.11529724595805,1
73,1,11,98.91631579852395,1
73,1,12,98.91631579852395,1
73,1,13,98.91631579852395,1
73,1,14,98.91631579852395,1
73,1,15,98.91631579852395,1
73,14,2,84.75098966303409,1
74,2,4,102.89989265332511,1
75,1,11,104.07259780175502,1
75,1,12,104.07259780175502,1
75,1,13,104.07259780175502,1
75,1,14,104.07259780175502,1
75,1,15,104.07259780175502,1
75,11,2,90.7259095729647,1
75,12,2,90.7259095729647,1
75,13,2,90.7259095729647,1
75,9,4,100.07214003589095,2
75,9,3,100.07214420255761,2
75,10,13,100.08194720627321,1
75,10,14,100.08194720627321,1
75,10,15,100.08194720627321,1
75,10,13,100.16915312228559,1
76,2,11,110.13766045318889,1
76,2,12,110.13766045318889,1
76,9,13,100.05804569758521,1
76,9,14,100.05804569758521,1
76,10,15,100.05804569758521,1
76,10,4,100.06999004306243,1
77,11,1,92.34409530934973,1
77,12,1,92.34409530934973,1
77,13,1,92.34409530934973,1
77,14,1,92.34409530934973,1
77,5,3,111.54086367607603,2
77,5,4,111.54086367607603,2
77,5,14,111.63263956864253,1
77,5,15,111.63263956864253,1
77,6,14,111.6862232130295,2
77,6,15,111.6862232130295,2
77,6,14,111.87172908068803,1
77,6,15,111.87172908068803,1
77,7,15,111.87172908068803,6
77,8,15,111.87172908068803,2
77,8,1,112.00998354365154,3
77,8,14,112.11094854588768,1
78,15,1,86.48594683684786,1
78,2,11,112.50465342268902,1
78,14,5,93.00419254096944,1
78,15,5,93.00419254096944,1
78,15,6,93.00152026315095,1
78,11,6,92.99623051827086,1
78,12,7,92.99623051827086,1
78,13,7,92.99623051827086,1
78,14,8,92.99623051827086,1
78,15,8,92.99623051827086,1
79,2,11,100.25923516589589,1
79,9,12,100.0531729010251,1
79,9,13,100.0531729010251,1
79,10,14,100.0531729010251,1
79,10,15,100.0531729010251,1
80,1,12,102.13341360571866,1
80,1,13,102.13341360571866,1
80,1,14,102.13341360571866,1
80,1,15,102.13341360571866,1
80,9,3,100.0707475692756,2
80,9,4,100.0707475692756,1
80,10,4,100.0707475692756,1
80,10,15,100.64674672548264,1
80,10,15,100.64680106780213,1
81,9,11,100.05655617536326,1
81,9,12,100.05655617536326,1
81,9,13,100.05655617536326,1
81,9,14,100.05655617536326,1
81,10,15,100.05655617536326,1
81,10,3,100.06775757637124,1
81,10,4,100.06775757637124,1
81,10,14,100.6455597820787,1
82,1,15,113.72401745445808,1
82,9,3,100.66610922623671,1
82,9,4,100.66610922623671,1
82,9,14,100.95421771258098,1
82,10,15,100.95421771258098,1
82,10,13,101.02926756681441,2
82,3,11,99.25123256290404,4
82,4,11,99.25123256290404,1
82,4,12,99.25123256290404,3
83,11,1,87.34927443558425,1
83,12,1,87.34927443558425,1
83,13,1,87.34927443558425,1
83,14,1,87.34927443558425,1
83,2,12,112.89908572008969,2
83,2,13,112.89908572008969,3
83,9,3,100.21856786367759,2
83,9,4,100.21856786367759,1
83,10,4,100.21856786367759,1
83,10,13,100.2798962566651,2
83,3,11,98.91974220174913,1
83,3,12,98.91974220174913,1
83,3,13,98.91974220174913,1
83,3,14,98.91974220174913,1
83,4,15,98.91974220174913,1
84,1,14,102.01832096158577,2
84,4,2,94.09867168350254,3
84,15,2,94.03734329051504,1
84,11,2,94.03538641999711,1
84,9,3,100.28065452824413,2
84,9,4,100.28065452824413,2
84,10,14,100.31132705807121,3
84,10,15,100.31132705807121,1
84,3,11,98.9657468298231,2
84,3,12,98.9657468298231,1
84,4,12,98.9657468298231,1
84,4,13,98.9657468298231,2
85,12,2,85.23738894905574,1
85,13,2,85.23738894905574,1
85,9,3,100.12021556611339,2
85,9,4,100.12021556611339,1
85,10,4,100.12021556611339,1
85,10,14,100.13495046662413,2
86,3,5,97.51133596799426,1
86,3,6,97.51133596799426,1
86,3,7,97.51133596799426,1
86,4,8,97.51133596799426,1
86,9,11,100.08258663939779,1
86,9,12,100.08258663939779,1
86,9,13,100.08258663939779,1
86,10,14,100.08258663939779,1
86,10,15,100.08258663939779,1
86,10,3,100.09503428734784,1
87,4,1,91.39140812516493,2
87,9,11,100.06679998814448,1
87,9,12,100.06679998814448,1
87,10,13,100.06679998814448,1
87,10,14,100.06679998814448,1
88,1,11,111.50361477864257,1
88,1,12,111.50361477864257,1
88,14,2,98.7005720885548,1
88,15,2,98.7005720885548,1
88,9,13,100.05856919640627,1
88,9,14,100.05856919640627,1
88,10,15,100.05856919640627,1
88,10,15,100.06323602272087,1
90,11,2,88.76338069006762,1
90,12,2,88.76338069006762,1
91,5,11,106.12251686203808,1
91,5,12,106.12251686203808,1
91,5,13,106.12251686203808,1
91,6,14,106.12251686203808,1
91,6,15,106.12251686203808,1
91,6,11,106.1247791930459,1
91,7,12,106.1247791930459,1
91,7,13,106.1247791930459,1
91,7,14,106.1247791930459,1
91,8,15,106.1247791930459,1
91,8,4,106.1345729599451,2
92,1,11,110.70422555936247,1
92,2,12,102.3991289389811,1
94,11,1,84.80741698504787,1
94,2,11,105.08959285391106,1
94,2,12,105.08959285391106,1
94,2,13,105.08959285391106,1
94,5,14,99.7406925359603,1
94,6,15,99.7406925359603,1
94,7,13,99.7407762252118,1
94,8,14,99.7407762252118,1
95,11,1,97.49863741004069,1
95,12,1,97.49863741004069,1
95,13,1,97.49863741004069,1
95,14,2,96.39590448340948,1
95,15,2,96.39590448340948,1
95,12,2,96.39586769928586,1
95,13,2,96.39586769928586,1
97,11,1,87.53625504353144,1
99,11,2,96.87885728098566,1
99,12,2,96.87885728098566,1
99,13,2,96.87885728098566,1
99,14,9,97.58711275888815,1
99,15,9,97.58711275888815,1
99,12,10,97.58710750024362,1
99,13,10,97.58710750024362,1
99,14,11,98.59663397199314,1
99,15,11,98.59663397199314,1
99,14,11,98.59659488886179,1
99,15,11,98.59659488886179,1
99,13,11,98.59636406311579,1
99,14,11,98.59636406311579,1
99,15,11,98.59636406311579,1
99,3,11,98.58411232004016,2
99,3,12,98.58411232004016,1
99,4,12,98.5841081533735,3
99,2,12,98.5211331096368,3
99,15,12,98.4499385479534,2
99,15,13,98.4499385479534,2
100,1,13,104.95616619650298,2
100,3,5,96.17261565151347,1
100,3,6,96.17261565151347,1
100,3,7,96.17261565151347,1
100,4,8,96.17261148484681,1
100,4,9,96.74919268857829,2
100,13,9,96.56954218045487,1
100,13,10,96.56954218045487,3
101,3,9,96.54285898198353,3
101,4,9,96.54285481531686,2
101,4,10,96.54285481531686,1
101,13,10,96.4676730088448,4
101,11,3,97.82553664098835,1
101,12,3,97.82553664098835,1
101,13,4,97.82554080765502,1
101,14,4,97.82554080765502,1
102,2,11,100.39785137132034,1
102,2,12,100.39785137132034,1
102,2,13,100.39785137132034,1
102,2,14,100.39785137132034,1
102,2,15,100.39785137132034,1
102,3,9,96.66446358145046,3
102,4,9,96.6644594147838,2
102,4,10,96.6644594147838,1
102,15,10,96.65084328103764,1
102,13,10,96.52770360225253,3
103,11,5,89.17762717713602,1
103,12,5,89.17762717713602,1
103,13,5,89.17762717713602,1
103,14,5,89.17762717713602,1
103,15,6,89.17762717713602,1
103,4,6,89.16903653416097,2
103,3,6,89.16903236749431,1
103,3,7,89.16903236749431,1
103,13,7,89.02370257865465,3
103,13,8,89.02370257865465,4
103,13,9,96.53607135415322,5
103,13,10,96.53607135415322,1
103,14,10,96.53607135415322,4
104,1,4,108.08057479328981,3
104,1,3,108.08057895995648,1
104,11,2,96.65564721392805,1
104,12,2,96.65564721392805,1
104,13,2,96.65564721392805,1
104,5,4,106.59098088433694,3
104,5,3,106.59099338433695,1
104,6,3,106.59099338433695,2
104,6,13,106.79853621284616,2
104,7,13,106.79853621284616,3
104,7,14,106.79853621284616,1
104,8,14,106.79853621284616,4
104,14,9,96.70056698388096,1
104,15,9,96.70056698388096,1
104,4,9,96.69413025164968,2
104,3,9,96.69411775164967,1
104,3,10,96.69411775164967,1
104,14,10,96.54235123057873,4
105,14,2,92.32144110560455,1
105,4,9,96.52909337275138,3
105,3,9,96.52908087275138,2
105,14,10,96.46087527137577,5
105,11,4,97.81507441667702,1
105,12,4,97.81507441667702,1
105,13,4,97.81507441667702,1
105,14,3,97.81508691667702,1
105,15,3,97.81508691667702,1
106,1,3,102.08632340071884,1
106,1,11,102.15452900209445,1
106,1,12,102.15452900209445,1
106,1,13,102.15452900209445,1
106,1,14,102.15452900209445,1
106,14,2,89.16121820846067,5
106,4,9,96.46174034139295,3
106,3,9,96.46173200805963,2
106,14,10,96.42762504070515,5
106,11,4,97.7639202156453,2
106,12,4,97.7639202156453,1
106,12,3,97.76392854897864,1
106,13,3,97.76392854897864,2
107,1,15,102.7350560589468,1
107,1,14,102.95796253910906,3
107,4,9,96.63041310373734,3
107,3,9,96.63040893707068,2
107,14,10,96.6134961319749,2
107,15,10,96.6134961319749,2
107,14,10,96.5108938727486,1
107,11,4,97.89202611109674,1
107,12,4,97.89202611109674,1
107,13,4,97.89202611109674,1
107,14,3,97.89203027776341,1
107,15,3,97.89203027776341,1
108,14,2,84.91452327684826,3
108,4,9,96.51239197771929,3
108,3,9,96.51238781105263,2
108,15,10,96.45263027889158,5
108,11,4,97.80238981285518,1
108,12,4,97.80238981285518,1
108,13,4,97.80238981285518,1
108,14,3,97.80239397952184,1
108,15,3,97.80239397952184,1
109,2,3,99.46288980463288,1
109,2,14,99.76246662205199,1
109,2,15,99.76246662205199,2
109,5,3,109.99940175948585,3
109,5,4,109.99940175948585,3
109,6,15,110.32886150965214,6
109,7,15,110.32886150965214,1
109,7,11,110.55461723086997,1
109,7,12,110.55461723086997,1
109,7,13,110.55461723086997,1
109,7,14,110.55461723086997,1
109,7,15,110.55461723086997,1
109,8,11,110.55463527942318,1
109,8,12,110.55463527942318,1
109,8,13,110.55463527942318,1
109,8,14,110.55463527942318,1
109,8,15,110.55463527942318,1
109,8,15,110.55470977264376,1
109,3,9,96.45338141471024,3
109,4,9,96.45338141471024,2
109,4,10,96.45338141471024,1
109,15,10,96.42349848196307,4
110,11,1,95.74467855579502,2
110,12,1,95.74467855579502,1
110,2,15,104.37318995048642,2
110,2,15,104.46835880595785,2
110,3,9,97.12268666368752,3
110,4,9,97.12268666368752,2
110,4,10,97.12268666368752,1
110,12,10,96.85440107253694,1
110,13,10,96.85440107253694,2
110,14,10,96.85440107253694,1
111,1,11,98.67941597586861,4
111,1,12,98.67941597586861,1
111,3,9,96.73544893340946,2
111,4,9,96.73544893340946,2
111,14,9,96.66323924999462,1
111,15,10,96.66323924999462,2
111,15,10,96.56275317473862,3
112,15,2,90.40694803989103,4
112,3,9,96.53940429319132,2
112,4,9,96.53940429319132,2
112,15,9,96.46597575741575,1
112,15,10,96.46597575741575,5
112,11,3,97.8229421516103,1
112,12,3,97.8229421516103,1
112,13,3,97.8229421516103,1
112,14,4,97.8229421516103,1
112,15,4,97.8229421516103,1
113,3,9,96.46689778077962,2
113,4,9,96.46689361411295,2
113,15,9,96.43017934622515,1
113,15,10,96.43017934622515,5
113,11,3,97.76786658311195,2
113,12,3,97.76786658311195,1
113,12,4,97.76787074977862,1
113,13,4,97.76787074977862,2
114,14,2,85.21399506274689,2
114,15,2,85.21399506274689,2
114,1,2,84.59247307861025,1
114,3,9,96.64202588402397,2
114,4,9,96.6420217173573,2
114,2,9,95.62513305924972,1
114,11,10,95.59008703522669,5
115,1,3,98.9098602805307,1
115,11,9,96.67602178090034,1
115,12,9,96.67602178090034,1
115,13,9,96.67602178090034,1
115,14,9,96.67602178090034,1
115,15,9,96.67602178090034,1
115,3,10,96.66459042200631,2
115,4,10,96.66458208867299,2
115,11,10,95.60122854764836,1
116,2,3,99.81567456591733,3
116,2,4,99.81568289925065,2
116,11,9,96.69009354258026,1
116,12,9,96.69009354258026,1
116,13,9,96.69009354258026,1
116,14,9,96.69009354258026,1
116,15,10,96.69009354258026,1
116,3,10,96.68152523174308,2
116,4,10,96.68151273174308,1
117,1,3,100.47770532632128,1
117,11,2,94.86923439256073,1
117,12,5,88.99616597003016,1
117,13,5,88.99616597003016,1
117,14,5,88.99616597003016,1
117,15,5,88.99616597003016,1
117,3,6,88.98973452856893,2
117,4,6,88.98972202856893,2
117,11,7,87.91137290191259,4
117,11,8,87.91137290191259,4
117,11,9,95.61585330613929,3
117,11,10,95.61585330613929,3
118,11,1,93.90876813335665,5
118,5,3,107.581704116207,3
118,5,4,107.58171661620702,2
118,6,4,107.58171661620702,1
118,6,11,108.11318246896444,1
118,6,12,108.11318246896444,1
118,6,13,108.11318246896444,1
118,6,14,108.11318246896444,1
118,7,15,108.11318246896444,1
118,7,11,108.12362040160929,1
118,7,12,108.12362040160929,1
118,7,13,108.12362040160929,1
118,7,14,108.12362040160929,1
118,8,15,108.12362040160929,1
118,8,12,108.22165210547715,3
118,8,13,108.22165210547715,1
118,3,9,95.61412859184529,2
118,4,10,95.61411609184528,2
119,11,2,90.61944908791531,1
119,11,3,97.81248343097883,1
119,12,3,97.81248343097883,1
119,13,3,97.81248343097883,1
119,14,4,97.81249593097883,1
119,15,4,97.81249593097883,1
120,11,3,97.81248030597882,1
120,12,3,97.81248030597882,1
120,13,3,97.81248030597882,1
120,14,4,97.81249697264549,1
120,15,4,97.81249697264549,1
121,3,1,94.14241250051441,1
121,11,3,97.81248447264548,1
121,12,3,97.81248447264548,1
121,13,3,97.81248447264548,1
121,14,4,97.81250113931216,1
121,15,4,97.81250113931216,1
122,11,4,97.81250530597882,1
122,12,4,97.81250530597882,1
122,13,4,97.81250530597882,1
122,14,3,97.81250947264547,1
122,15,3,97.81250947264547,1
123,1,13,105.98905034253806,3
123,1,14,105.98905034253806,2
123,5,4,102.61302305734644,2
123,6,3,102.6130397240131,2
123,7,14,102.70223837571199,2
123,8,15,102.70223837571199,2
125,2,11,98.40063413174869,1
126,11,1,94.89996583059406,1
126,12,1,94.89996583059406,1
126,13,1,94.89996583059406,1
126,14,1,94.89996583059406,1
126,15,5,96.2001599895766,1
126,4,6,96.18927181589743,1
126,4,7,96.18927181589743,1
126,4,8,96.18927181589743,1
127,2,12,107.28135780275926,1
127,2,13,107.28135780275926,1
127,2,14,107.28135780275926,1
127,2,15,107.28135780275926,1
128,11,5,91.50021113218844,1
128,12,5,91.50021113218844,1
128,13,5,91.50021113218844,1
128,14,6,91.50021113218844,1
128,15,6,91.50021113218844,1
128,11,6,91.49966227363896,1
128,12,7,91.49966227363896,1
128,13,7,91.49966227363896,1
128,14,7,91.49966227363896,1
128,15,8,91.49966227363896,1
128,4,8,91.49012769167442,2
131,1,11,109.49072363889604,1
132,2,11,104.60477815610535,1
132,2,12,104.60477815610535,1
133,1,13,107.63924706700608,1
133,1,14,107.63924706700608,1
133,1,15,107.63924706700608,1
133,1,12,107.64020930697868,1
133,1,13,107.64020930697868,1
133,2,14,105.9174772671094,1
133,11,5,93.31715965709543,1
133,12,5,93.31715965709543,1
133,13,6,93.31715965709543,1
133,14,6,93.31715965709543,1
133,15,7,93.31715965709543,1
133,11,7,93.31690780732916,1
133,12,8,93.31690780732916,1
133,13,8,93.31690780732916,1
134,2,11,112.10368559747663,1
134,2,12,112.10368559747663,1
135,1,13,99.81267471512551,1
135,1,14,99.81267471512551,1
135,1,15,99.81267471512551,1
135,9,15,99.14457423753703,1
135,9,11,99.14818795210219,1
135,10,12,99.14818795210219,1
135,10,13,99.14818795210219,1
136,1,11,105.82872129747632,1
136,1,12,105.82872129747632,1
136,1,13,105.82872129747632,1
136,1,14,105.82872129747632,1
136,11,2,90.66960762568895,1
136,12,2,90.66960762568895,1
136,13,2,90.66960762568895,1
136,9,15,99.14335045742013,1
136,9,14,99.14815950874433,1
136,10,15,99.14815950874433,1
136,10,4,99.15583285945617,1
137,9,4,99.16850558748419,3
137,10,3,99.16853058748418,2
137,10,15,99.2611065632046,1
138,9,11,99.1480832129136,1
138,9,12,99.1480832129136,1
138,9,13,99.1480832129136,1
138,9,14,99.1480832129136,1
138,9,15,99.1480832129136,1
138,10,4,99.15902649751919,2
138,10,3,99.15905566418587,2
138,10,15,99.25630639626758,1
139,11,2,92.83722865145157,1
139,12,2,92.83722865145157,1
139,13,2,92.83722865145157,1
139,14,2,92.83722865145157,1
139,9,11,99.14454162633204,1
139,9,12,99.14454162633204,1
139,9,13,99.14454162633204,1
139,9,14,99.14454162633204,1
139,9,15,99.14454162633204,1
139,10,4,99.15666401669463,2
139,10,3,99.1566931833613,1
139,10,15,99.7424020254762,2
140,1,11,109.36540108500982,1
140,1,12,109.36540108500982,1
140,1,13,109.36540108500982,1
140,1,14,109.36540108500982,1
140,2,15,108.50185409537151,1
140,9,4,99.15607964648848,2
140,9,3,99.15610464648849,1
140,10,2,100.11174972841312,3
141,15,1,83.83569383864024,1
141,14,1,83.83565585085435,1
141,15,1,83.83565585085435,1
141,14,1,83.83544840047597,1
141,9,11,99.14343488052532,1
141,9,12,99.14343488052532,1
141,10,13,99.14343488052532,1
141,10,14,99.14343488052532,1
143,11,2,87.05252057765296,1
143,12,2,87.05252057765296,1
143,13,5,90.01037771544323,1
143,14,5,90.01037771544323,1
143,15,5,90.01037771544323,1
143,15,5,90.01018255027444,1
143,11,6,90.00821291123668,1
143,12,6,90.00821291123668,1
143,13,6,90.00821291123668,1
143,14,6,90.00821291123668,1
143,15,7,90.00821291123668,1
143,4,7,89.99787963521021,3
143,3,8,89.99785880187687,4
144,11,1,97.71830070375215,1
144,12,5,91.7156859106456,1
144,13,5,91.7156859106456,1
144,14,5,91.7156859106456,1
144,15,6,91.7156859106456,1
144,4,6,91.70317593476648,2
144,4,7,91.70317593476648,1
144,3,7,91.70315926809982,2
144,3,8,91.70315926809982,1
144,11,8,91.44513356636286,2
144,9,11,99.14337878386203,1
144,9,12,99.14337878386203,1
144,10,13,99.14337878386203,1
144,10,14,99.14337878386203,1
145,11,1,94.4157601516743,1
145,12,1,94.4157601516743,1
145,13,1,94.4157601516743,1
145,14,1,94.4157601516743,1
145,15,1,94.4157601516743,1
145,11,2,85.90753776166147,4
147,1,11,104.86780293233977,1
147,1,12,104.86780293233977,1
147,1,13,104.86780293233977,1
147,1,14,104.86780293233977,1
147,1,15,104.86780293233977,1
147,11,2,86.69746484303556,1
147,12,2,86.69746484303556,1
147,13,2,86.69746484303556,1
147,14,2,86.69746484303556,1
147,15,2,86.69746484303556,1
148,11,2,95.19159945745406,1
148,12,5,96.47729207414383,1
148,13,6,96.47729207414383,1
148,14,7,96.47729207414383,1
148,15,8,96.47729207414383,1
149,1,15,105.57532641837744,1
149,1,15,105.57536300501569,1
149,1,4,105.5874401517986,1
149,11,2,93.38587199536346,1
149,12,2,93.38587199536346,1
149,13,2,93.38587199536346,1
149,14,2,93.38587199536346,1
149,15,5,93.88492928684104,1
149,4,5,93.87251748099823,1
149,4,6,93.87251748099823,2
149,3,7,93.87250498099823,2
149,3,8,93.87250498099823,1
149,11,8,93.61455661596423,1
149,12,11,97.1280013236073,10
149,13,11,97.1280013236073,10
149,14,12,97.1280013236073,10
149,15,12,97.1280013236073,10
150,1,13,107.5892369461377,1
150,11,2,90.90532648201435,5
150,4,9,95.09701418727055,2
150,4,10,95.09701418727055,1
150,3,10,95.09700168727055,1
150,3,11,96.18163921263806,2
151,11,1,89.69251419093584,2
151,3,9,94.70059120766948,3
151,4,9,94.70057870766948,1
151,4,10,94.70057870766948,1
151,11,10,94.63165108740611,3
152,11,1,88.5379761001349,1
152,11,2,83.2876644019753,5
152,3,9,94.60147296276921,2
152,4,9,94.60146462943587,2
152,11,9,94.58272546650599,1
152,11,10,94.58272546650599,5
153,11,1,91.24727193150221,1
153,12,1,91.24727193150221,1
153,13,1,91.24727193150221,1
153,14,1,91.24727193150221,1
153,15,2,82.19050121489833,1
153,11,2,82.15307128437195,4
153,3,9,94.61991353327073,2
153,4,9,94.6199051999374,2
153,11,9,94.59183315320928,1
153,11,10,94.59183315320928,5
154,11,2,84.10439539811361,1
154,12,9,94.64076851982891,1
154,13,9,94.64076851982891,1
154,14,9,94.64076851982891,1
154,15,9,94.64076851982891,1
154,3,9,94.63375010698023,1
154,3,10,94.63375010698023,1
154,4,10,94.6337417736469,2
154,11,10,94.59866798073674,2
155,11,1,86.1398276867613,3
155,11,2,87.32203762345935,1
155,3,9,94.58474497926356,2
155,4,9,94.58473664593023,1
155,11,9,94.57447968983864,2
155,11,10,94.57447968983864,5
156,11,1,90.61617995275354,1
156,12,1,90.61617995275354,1
156,13,1,90.61617995275354,1
156,2,3,104.90852139331294,3
156,2,4,104.90852972664626,2
156,14,9,94.618862335316,1
156,15,9,94.618862335316,1
156,3,9,94.60739848314151,2
156,4,9,94.60739014980818,1
156,4,10,94.60739014980818,1
156,11,10,94.58566100820877,1
156,12,10,94.58566100820877,3
157,1,11,98.34590046232572,1
157,1,12,98.34590046232572,1
157,1,13,98.34590046232572,1
157,1,14,98.34590046232572,1
157,11,9,94.63239600292376,1
157,12,9,94.63239600292376,1
157,13,9,94.63239600292376,1
157,14,9,94.63239600292376,1
157,15,9,94.63239600292376,1
157,3,10,94.6231894574181,2
157,4,10,94.62318112408478,1
157,12,10,94.59346066639594,2
158,11,2,94.51674828930254,1
158,12,2,94.51674828930254,1
158,13,9,94.63834574218194,1
158,14,9,94.63834574218194,1
158,15,9,94.63834574218194,1
158,3,9,94.62713095098727,1
158,4,9,94.62712678432061,1
158,12,10,94.59541058094274,5
159,12,2,87.00925539327046,1
159,3,9,94.583078731932,1
159,4,9,94.58307456526533,1
159,12,9,94.57366533989014,3
159,12,10,94.57366533989014,5
160,11,9,94.61784208249642,1
160,12,9,94.61784208249642,1
160,13,9,94.61784208249642,1
160,14,9,94.61784208249642,1
160,15,9,94.61784208249642,1
160,3,10,94.60615275597615,1
160,4,10,94.6061485893095,1
160,12,10,94.58505837074739,3
161,11,1,87.15652055960888,1
161,12,1,87.15652055960888,1
161,13,1,87.15652055960888,1
161,14,1,87.15652055960888,1
161,15,2,81.59179087213201,1
161,3,9,94.62121386162852,1
161,4,9,94.62120969496186,1
161,12,9,94.59249565708211,3
161,12,10,94.59249565708211,5
162,11,2,87.73934779369867,1
162,12,2,87.73934779369867,1
162,13,9,94.63679526333377,1
162,14,9,94.63679526333377,1
162,15,9,94.63679526333377,1
162,3,9,94.62497601304162,1
162,4,9,94.62497184637496,1
162,12,10,94.59435497866579,5
163,1,11,108.80684711887277,1
163,1,12,108.80684711887277,1
163,1,13,108.80684711887277,1
163,1,14,108.80684711887277,1
163,1,15,108.80684711887277,1
163,11,9,94.63821359197772,1
163,12,9,94.63821359197772,1
163,13,9,94.63821359197772,1
163,14,9,94.63821359197772,1
163,15,9,94.63821359197772,1
163,3,10,94.6259134258949,1
163,4,10,94.62590925922822,1
163,12,10,94.5948198090617,3
164,12,1,95.09518932287497,1
164,3,9,94.58275872565889,1
164,4,9,94.58275455899224,1
164,12,9,94.57351764691988,3
164,12,10,94.57351764691988,5
165,1,3,100.1899736510623,3
165,2,3,97.7750034362796,1
165,2,4,97.77500760294629,4
165,11,9,94.61766572903397,1
165,12,9,94.61766572903397,1
165,13,9,94.61766572903397,1
165,14,9,94.61766572903397,1
165,15,9,94.61766572903397,1
165,3,10,94.60594478252133,1
165,4,10,94.60594061585468,1
165,12,10,94.58495775726969,3
166,1,11,98.15799842267634,1
166,1,12,98.15799842267634,1
166,1,13,98.15799842267634,1
166,1,14,98.15799842267634,1
166,1,15,98.15799842267634,1
166,11,2,94.8207831151449,1
166,12,2,94.8207831151449,1
166,13,9,94.63089750576302,1
166,14,9,94.63089750576302,1
166,15,9,94.63089750576302,1
166,3,9,94.62085957032508,1
166,4,9,94.6208554036584,1
166,12,10,94.59232281074242,5
167,11,5,92.24737413732046,1
167,12,6,92.24737413732046,1
167,13,7,92.24737413732046,1
167,14,8,92.24737413732046,1
167,15,9,94.6374777625488,1
167,3,9,94.62653389588067,1
167,4,9,94.62652972921401,1
167,12,9,94.59512611702937,2
167,12,10,94.59512611702937,5
168,2,11,102.65766778035456,1
168,3,9,94.58291384315535,1
168,4,9,94.58290967648867,1
168,12,9,94.5735942239118,1
168,12,10,94.5735942239118,3
169,11,1,85.77787712381456,1
169,12,1,85.77787712381456,1
169,13,9,94.61776243203019,1
169,14,9,94.61776243203019,1
169,15,9,94.61776243203019,1
169,3,10,94.606044453977,1
169,4,10,94.60604028731035,1
169,12,10,94.58501519001364,1
170,2,12,102.05990034967695,1
170,2,13,102.05990034967695,1
171,11,2,87.32074329516902,1
172,11,2,95.8315294808321,1
172,12,2,95.8315294808321,1
172,13,2,95.8315294808321,1
172,14,2,95.8315294808321,1
173,1,14,109.75992437800886,1
173,1,15,109.75992437800886,1
173,11,2,82.71642133786477,1
173,12,2,82.71642133786477,1
173,13,2,82.71642133786477,1
174,14,1,81.54665206636878,1
174,15,1,81.54665206636878,1
174,15,1,81.54641493316663,1
174,12,1,81.5454664003581,1
175,1,11,99.15150131792676,1
176,11,2,82.23560467317478,1
176,12,2,82.23560467317478,1
176,13,2,82.23560467317478,1
177,11,2,94.05218647486305,1
177,12,2,94.05218647486305,1
177,13,2,94.05218647486305,1
177,14,2,94.05218647486305,1
177,15,2,94.05218647486305,1
178,11,2,93.5239563049895,1
178,12,2,93.5239563049895,1
178,13,2,93.5239563049895,1
178,9,12,97.03426637655119,1
178,9,13,97.03426637655119,1
178,10,14,97.03426637655119,1
178,10,15,97.03426637655119,1
179,11,1,88.5678896719973,1
179,12,1,88.5678896719973,1
179,13,1,88.5678896719973,1
179,14,2,90.63055155019318,1
179,15,2,90.63055155019318,1
179,14,2,90.63053744230862,1
179,15,2,90.63053744230862,1
179,14,2,90.63025528461766,1
179,9,11,97.03432881696097,1
179,9,12,97.03432881696097,1
179,10,13,97.03432881696097,1
179,10,14,97.03432881696097,1
180,2,11,102.09119728221397,1
180,2,12,102.09119728221397,1
180,2,13,102.09119728221397,1
180,2,14,102.09119728221397,1
180,9,15,97.0341268770011,1
180,9,15,97.0341600035151,1
180,10,15,97.03612235410972,1
180,10,3,97.04655575124136,1
181,5,3,103.72883052805156,4
181,6,4,103.7288388613849,4
181,7,4,103.7288388613849,1
181,7,11,103.72898798906118,1
181,7,12,103.72898798906118,1
181,7,13,103.72898798906118,1
181,8,14,103.72898798906118,1
181,8,15,103.72898798906118,1
181,8,11,103.82934823706145,2
181,9,12,97.15988293104367,2
181,10,12,97.15988293104367,2
182,11,2,95.62400427775253,1
182,12,2,95.62400427775253,1
182,9,11,97.03890378274147,1
182,9,12,97.03890378274147,1
182,9,13,97.03890378274147,1
182,10,14,97.03890378274147,1
182,10,15,97.03890378274147,1
182,10,3,97.04988435219096,1
183,9,11,97.03536931180221,1
183,9,12,97.03536931180221,1
183,9,13,97.03536931180221,1
183,9,14,97.03536931180221,1
183,10,15,97.03536931180221,1
183,10,3,97.04751413473025,3
184,9,11,97.0344856940674,1
184,9,12,97.0344856940674,1
184,9,13,97.0344856940674,1
184,10,14,97.0344856940674,1
184,10,15,97.0344856940674,1
184,10,3,97.04691012203173,1
185,9,11,97.03426478963371,1
185,9,12,97.03426478963371,1
185,10,13,97.03426478963371,1
185,10,14,97.03426478963371,1
186,11,2,91.17351621826859,1
186,12,2,91.17351621826859,1
186,9,15,97.0342956652425,1
186,9,3,97.04681907534439,1
186,10,3,97.04681907534439,2
187,9,11,97.03426321930883,1
187,9,12,97.03426321930883,1
187,9,13,97.03426321930883,1
187,9,14,97.03426321930883,1
187,10,15,97.03426321930883,1
187,10,3,97.04678485533921,3
188,9,3,97.05949830010718,3
188,10,4,97.05954830010717,3
189,1,11,107.75011903093892,1
189,1,12,107.75011903093892,1
189,9,13,97.03901266869278,1
189,9,14,97.03901266869278,1
189,10,15,97.03901266869278,1
189,10,3,97.04994573106711,1
191,2,11,96.41419552444614,1
191,2,12,96.41419552444614,1
191,2,13,96.41419552444614,1
193,2,11,104.74093524801847,1
193,2,12,104.74093524801847,1
193,2,13,104.74093524801847,1
193,2,14,104.74093524801847,1
193,2,15,104.74093524801847,1
194,11,2,82.59813474517821,1
194,12,2,82.59813474517821,1
194,13,2,82.59813474517821,1
197,1,11,102.28443034884378,1
197,1,12,102.28443034884378,1
197,1,13,102.28443034884378,1
197,1,14,102.28443034884378,1
197,11,2,90.836664691704,1
197,12,2,90.836664691704,1
198,1,15,101.66782465216531,1
198,1,11,101.66782695252917,1
198,1,12,101.66782695252917,1
198,1,13,101.66782695252917,1
198,1,14,101.66782695252917,1
199,2,11,106.92765057264144,1
199,2,12,106.92765057264144,1
199,2,13,106.92765057264144,1
199,2,14,106.92765057264144,1
199,2,15,106.92765057264144,1
199,5,15,96.40160389552811,1
199,6,11,96.40164990280552,1
199,7,12,96.40164990280552,1
199,8,13,96.40164990280552,1
199,12,11,95.59931059506974,1
199,13,11,95.59931059506974,1
199,14,11,95.59931059506974,1
199,15,11,95.59931059506974,1
199,13,11,95.599310492769,1
199,14,11,95.599310492769,1
199,15,11,95.599310492769,1
199,12,11,95.59931008356608,1
199,13,11,95.59931008356608,1
199,14,12,95.59931008356608,1
199,15,12,95.59931008356608,1
199,14,12,95.59930844675439,1
199,15,12,95.59930844675439,1
199,13,12,95.59929874844605,1
199,14,12,95.59929874844605,1
199,15,12,95.59929874844605,1
199,13,12,95.59923850335574,1
199,14,12,95.59923850335574,1
199,15,13,95.59923850335574,1
199,15,13,95.59901193319197,1
199,14,13,95.5981090285809,1
199,15,13,95.5981090285809,1
199,11,13,95.59431489734669,1
199,12,13,95.59431489734669,1
199,14,13,95.59431489734669,1
199,15,13,95.59431489734669,1
199,3,13,95.58681060785733,1
199,3,14,95.58681060785733,2
199,4,14,95.58675644119066,1
199,12,14,95.5557107496369,6
199,12,15,95.5557107496369,9
200,3,9,94.5828370841025,2
200,4,9,94.58279125076916,1
200,12,10,94.57352547577179,3
200,13,11,95.54482287469204,9
200,13,12,95.54482287469204,9
200,14,13,95.54482287469204,9
200,15,14,95.54482287469204,9
200,2,15,95.50340591057773,3
200,2,15,95.40534909164107,2
201,1,2,94.14374812955374,3
201,3,9,94.08055564466814,2
201,4,9,94.08051397800148,1
201,1,10,93.76042516291699,1
201,1,10,93.75494330102,1
201,1,10,93.42675092970228,1
202,1,2,88.15850836494596,2
202,1,2,88.06561644655176,2
202,5,3,108.3762753156508,3
202,5,4,108.3763128156508,4
202,6,11,108.71034019267454,3
202,6,12,108.71034019267454,3
202,6,13,108.71034019267454,1
202,7,13,108.71034019267454,2
202,7,14,108.71034019267454,3
202,7,15,108.71034019267454,2
202,8,15,108.71034019267454,1
202,8,15,108.83749794105455,4
202,8,14,109.08543413887135,1
202,8,15,109.08543413887135,1
202,3,9,93.20058925136172,2
202,4,9,93.20055175136173,1
202,1,9,92.55260541762853,1
202,1,10,92.47393713609802,4
203,2,1,96.67011985892145,3
203,3,1,95.13328470854597,1
203,3,9,94.03567779418958,1
203,4,9,94.0356486275229,1
203,11,9,93.74919511324822,1
203,11,10,93.74919511324822,3
204,2,11,95.46041643736672,3
204,2,12,95.46041643736672,2
204,3,9,93.65390038503736,2
204,4,9,93.65387538503735,1
204,12,9,93.56072683531231,1
204,12,10,93.56072683531231,3
204,13,10,93.56072683531231,1
205,11,2,81.9911746823856,1
205,5,3,97.92956339840453,1
205,6,3,97.92956339840453,1
205,7,3,97.92956339840453,1
205,8,3,97.92956339840453,1
205,12,9,93.68601523849455,1
205,13,9,93.68601523849455,1
205,14,9,93.68601523849455,1
205,15,9,93.68601523849455,1
205,3,9,93.6752119964361,1
205,3,10,93.6752119964361,1
205,4,10,93.67519116310277,1
205,13,10,93.57125187131929,3
206,11,9,93.69932068861235,1
206,12,9,93.69932068861235,1
206,13,9,93.69932068861235,1
206,14,9,93.69932068861235,1
206,15,9,93.69932068861235,1
206,3,10,93.69123909040185,2
206,4,10,93.69120575706852,1
206,14,10,93.57915986707454,2
207,14,1,84.74946505874762,2
207,3,9,93.56778445909043,2
207,4,9,93.56775529242375,1
207,15,9,93.5182180237689,2
207,15,10,93.5182180237689,2
207,1,10,92.65521689054636,1
207,1,10,92.50028883991178,2
207,11,3,94.80828475727519,1
207,12,3,94.80828475727519,1
207,13,3,94.80828475727519,1
207,14,3,94.80828475727519,1
207,15,4,94.80831392394185,1
208,1,2,91.47876162781526,1
208,1,2,91.3536748493722,4
208,3,9,92.3867430919223,2
208,4,9,92.3867055919223,1
208,1,9,91.66361896512406,1
208,2,9,91.5293025008595,1
208,2,10,91.5293025008595,2
208,1,10,91.39643696424417,1
208,2,10,91.251511052274,1
208,11,10,92.72913222408519,1
208,11,3,93.9112766514091,3
208,11,4,93.9113141514091,4
209,3,5,83.5917173517274,2
209,4,5,83.59168818506072,1
209,11,5,83.43912044263715,2
209,11,6,83.43912044263715,3
209,12,6,83.43912044263715,2
209,12,7,83.43912044263715,5
209,12,8,83.43912044263715,5
209,12,9,93.211739551807,1
209,13,9,93.211739551807,4
209,13,10,93.211739551807,5
209,11,3,94.65374529662213,3
209,12,4,94.65377446328881,3
209,13,4,94.65377446328881,1
210,13,2,85.78222265421766,2
210,14,2,85.78222265421766,2
210,3,9,93.60873792814098,2
210,4,9,93.60871709480764,1
210,14,9,93.57988232103068,1
210,15,9,93.57988232103068,1
210,15,10,93.57988232103068,2
210,13,10,93.33239138373744,3
210,11,3,94.8393593329254,1
210,12,3,94.8393593329254,1
210,13,3,94.8393593329254,1
210,14,4,94.83938016625874,1
210,15,4,94.83938016625874,1
211,1,4,103.94253439241189,2
211,3,9,93.33587045512581,2
211,4,9,93.33585795512582,2
211,13,9,93.19768259959073,1
211,14,10,93.19768259959073,5
211,11,3,94.63211088295608,3
211,12,4,94.63212338295608,3
212,13,1,88.85811473643776,2
212,2,11,107.07849976340086,1
212,3,9,93.60162767669812,2
212,4,9,93.60161517669812,2
212,13,9,93.56915938953237,1
212,14,10,93.56915938953237,3
212,15,10,93.56915938953237,2
212,11,3,94.83394447950889,1
212,12,3,94.83394447950889,1
212,13,3,94.83394447950889,1
212,14,4,94.83395697950888,1
212,15,4,94.83395697950888,1
213,15,1,84.10754713422878,1
213,14,1,83.86726489037977,2
213,3,9,93.56958175353861,2
213,4,9,93.56956508687195,2
213,14,9,93.31305494944007,1
213,14,10,93.31305494944007,5
213,11,3,94.80959847246791,1
213,12,3,94.80959847246791,1
213,13,3,94.80959847246791,1
213,14,4,94.80961513913458,1
213,15,4,94.80961513913458,1
214,15,1,89.2808877759665,2
214,3,9,93.31628215949132,2
214,4,9,93.31626132615798,2
214,15,9,93.18800625744205,1
214,15,10,93.18800625744205,5
214,11,3,94.61721170272736,3
214,12,4,94.61723253606068,3
215,3,9,93.5967399777895,2
215,4,9,93.59671914445616,2
215,13,10,93.56177807725228,3
215,14,10,93.56177807725228,1
215,11,3,94.8302103094517,1
215,12,3,94.8302103094517,1
215,13,3,94.8302103094517,1
215,14,4,94.83023114278504,1
215,15,4,94.83023114278504,1
216,14,2,91.71214834613002,2
216,15,2,91.71214834613002,1
216,3,9,93.56223984059234,3
216,4,9,93.56221484059235,1
216,4,10,93.56221484059235,1
216,15,10,93.54474430699041,2
216,15,10,93.30942428988433,1
216,11,3,94.80400034238214,1
216,12,3,94.80400034238214,1
216,13,3,94.80400034238214,1
216,14,4,94.80402534238213,1
216,15,4,94.80402534238213,1
217,3,5,92.41515369041909,1
217,3,6,92.41515369041909,1
217,3,7,92.41515369041909,1
217,4,8,92.4151286904191,1
217,4,9,93.31258417176818,1
217,15,9,93.18618889641417,2
217,15,10,93.18618889641417,2
217,11,10,93.42057693350594,1
217,11,3,94.61440742935112,2
217,12,3,94.61440742935112,1
217,12,4,94.61443242935111,2
217,13,4,94.61443242935111,1
218,13,2,89.22025726660016,2
218,14,2,89.22025726660016,1
218,3,5,94.5107520847117,1
218,3,6,94.5107520847117,1
218,3,7,94.5107520847117,1
218,4,8,94.51073125137836,1
218,4,9,93.5958029808587,1
218,14,9,93.56039175698102,2
218,15,10,93.56039175698102,3
218,11,3,94.82950715777432,1
218,12,3,94.82950715777432,1
218,13,3,94.82950715777432,1
218,14,4,94.82952799110764,1
218,15,4,94.82952799110764,1
219,1,4,99.00880286338113,1
219,1,2,87.43000742050404,1
219,3,9,91.6426406138869,3
219,4,10,91.64262394722022,2
219,1,10,90.65366626141173,1
219,11,3,93.34607687906154,3
219,11,4,93.34609354572821,3
220,1,12,99.31472903023806,1
220,1,13,99.31472903023806,1
220,2,14,95.99756886358632,1
220,2,15,95.99756886358632,1
220,2,12,96.08476642572668,1
220,2,13,96.08476642572668,1
220,3,9,93.1783316747217,2
220,3,10,93.1783316747217,1
220,4,10,93.17831917472171,1
220,11,3,94.5124245202019,3
220,11,4,94.5124370202019,2
220,12,4,94.5124370202019,1
221,12,2,94.2970972416524,4
221,13,2,94.2970972416524,1
222,1,3,100.7430973988437,3
223,1,4,95.9664279152549,3
223,11,2,88.68390953231578,1
223,12,2,88.68390953231578,1
223,13,2,88.68390953231578,1
223,5,4,102.45996657661749,2
223,5,3,102.45997074328416,1
223,6,3,102.45997074328416,1
223,6,13,102.5358879919525,2
223,7,14,102.5358879919525,3
223,8,15,102.5358879919525,3
224,1,14,105.60274688968099,1
224,1,15,105.60274688968099,1
224,1,11,105.6033357828316,1
224,5,4,98.27921650528216,1
224,6,4,98.27921650528216,1
224,7,3,98.27922067194882,1
224,8,3,98.27922067194882,1
224,4,11,95.2311272431493,3
224,3,11,95.23112307648265,1
224,3,12,95.23112307648265,2
225,11,2,84.29066686830215,1
225,12,2,84.29066686830215,1
225,13,2,84.29066686830215,1
225,4,11,94.96431807568592,1
225,4,12,94.96431807568592,1
225,4,13,94.96431807568592,1
225,3,14,94.96431390901927,1
225,3,15,94.96431390901927,1
226,3,2,91.51927728098477,1
226,14,2,91.4723627899819,1
226,15,2,91.4723627899819,1
226,14,2,91.46805542878573,1
226,15,2,91.46805542878573,1
226,4,11,94.96432745068593,1
226,4,12,94.96432745068593,1
226,4,13,94.96432745068593,1
226,3,14,94.96432328401926,1
226,3,15,94.96432328401926,1
227,9,3,96.20641214017718,2
227,10,3,96.20641214017718,1
227,10,4,96.20642047351052,1
227,3,11,94.96432015901928,1
227,3,12,94.96432015901928,1
227,4,13,94.96431182568594,1
227,4,14,94.96431182568594,1
228,11,1,86.2625865224326,1
228,5,3,101.92352961996488,3
228,6,4,101.92354628663155,3
228,7,15,101.93101540723049,1
228,7,12,102.01995526860716,2
228,8,13,102.01995526860716,3
229,1,11,107.5483269226037,1
230,2,11,108.54806801803929,1
230,2,12,108.54806801803929,1
230,2,13,108.54806801803929,1
231,2,14,106.79251211706294,1
231,2,15,106.79251211706294,1
231,2,12,106.7968269607848,1
231,2,13,106.7968269607848,1
232,2,14,101.86353866535237,1
232,2,15,101.86353866535237,1
233,11,2,83.2475029770107,1
233,9,11,96.07575532134967,1
233,9,12,96.07575532134967,1
233,10,13,96.07575532134967,1
233,10,14,96.07575532134967,1
234,12,1,94.2538624867492,1
234,13,1,94.2538624867492,1
234,14,1,94.2538624867492,1
234,15,1,94.2538624867492,1
234,11,1,94.25187213402182,1
234,5,11,108.60698046162663,1
234,5,12,108.60698046162663,1
234,5,13,108.60698046162663,1
234,5,14,108.60698046162663,1
234,5,15,108.60698046162663,1
234,5,15,108.6079050490339,1
234,5,4,108.61915877244078,1
234,6,4,108.61915877244078,2
234,6,3,108.61916710577412,2
234,6,13,108.7252884221927,1
234,6,14,108.7252884221927,2
234,7,14,108.7252884221927,2
234,7,15,108.7252884221927,4
234,7,12,109.0816284275167,1
234,8,13,109.0816284275167,1
234,8,14,109.0816284275167,1
234,8,15,109.0816284275167,1
234,8,2,109.13516269759165,4
235,9,4,96.62174969620546,2
235,10,3,96.62176219620545,2
235,4,11,95.2719703548427,3
235,3,11,95.2719578548427,2
235,3,12,95.2719578548427,1
236,1,12,97.6256780503034,3
236,9,4,96.22052956339387,2
236,10,3,96.22054206339388,2
236,4,11,94.97477750955015,1
236,4,12,94.97477750955015,1
236,4,13,94.97477750955015,1
236,3,14,94.97476500955014,1
236,3,15,94.97476500955014,1
237,9,4,96.27475356370576,2
237,10,4,96.27475356370576,1
237,10,3,96.27477023037243,1
237,4,11,95.01495068879353,1
237,4,12,95.01495068879353,1
237,4,13,95.01495068879353,1
237,3,14,95.01493402212685,1
237,3,15,95.01493402212685,1
238,2,3,101.08873229802802,1
238,2,12,101.11551163974582,1
238,2,13,101.11551163974582,1
238,9,4,96.27475356370576,3
238,10,3,96.27477023037243,2
238,10,13,96.30154957209024,1
238,4,11,95.01495068879353,1
238,4,12,95.01495068879353,1
238,4,13,95.01495068879353,1
238,3,14,95.01493402212685,1
238,3,15,95.01493402212685,1
239,1,13,99.6636444485302,3
239,1,14,99.6636444485302,2
239,3,2,81.86538578630184,1
239,9,4,96.30186764719505,2
239,10,4,96.30186764719505,1
239,10,3,96.30188014719505,1
239,4,11,95.03503519508189,2
239,4,12,95.03503519508189,1
239,3,12,95.03502269508189,1
239,3,13,95.03502269508189,2
240,1,14,100.1599849690268,2
240,1,15,100.1599849690268,1
240,4,5,93.03514346590062,1
240,4,6,93.03514346590062,1
240,4,7,93.03514346590062,1
240,3,8,93.03513929923395,1
240,3,11,94.91554163627663,1
240,3,12,94.91554163627663,1
241,11,2,88.15699570774669,1
241,12,2,88.15699570774669,1
241,13,2,88.15699570774669,1
241,14,2,88.15699570774669,1
241,15,2,88.15699570774669,1
242,12,2,86.36649986843315,1
243,13,1,86.97711123248084,1
243,14,1,86.97711123248084,1
243,15,2,81.01942925336138,1
243,12,2,81.01146784245194,1
243,13,2,81.01146784245194,1
243,14,2,81.01146784245194,1
243,15,2,81.01146784245194,1
244,11,1,89.6887166761222,1
244,12,1,89.6887166761222,1
244,13,1,89.6887166761222,1
244,14,1,89.6887166761222,1
244,2,11,103.89204379103046,1
244,2,12,103.89204379103046,1
245,2,13,105.29447726570743,1
245,5,14,95.51234049701172,1
245,6,15,95.51234049701172,1
245,7,11,95.5154325887431,1
245,8,12,95.5154325887431,1
246,11,1,82.24336695295762,1
246,12,1,82.24336695295762,1
246,13,1,82.24336695295762,1
246,14,1,82.24336695295762,1
247,11,2,85.41941090205697,1
247,12,2,85.41941090205697,1
247,13,2,85.41941090205697,1
247,14,2,85.41941090205697,1
247,15,2,85.41941090205697,1
248,5,11,103.96817307830109,1
248,5,12,103.96817307830109,1
248,5,13,103.96817307830109,1
248,5,14,103.96817307830109,1
248,6,15,103.96817307830109,1
248,6,11,103.96819623129213,1
248,6,12,103.96819623129213,1
248,6,13,103.96819623129213,1
248,7,14,103.96819623129213,1
248,7,15,103.96819623129213,1
248,7,13,103.9714588171964,1
248,7,14,103.9714588171964,1
248,8,15,103.9714588171964,1
248,8,3,103.98063273525395,3
249,11,13,95.19418937607696,1
249,11,14,95.19418937607696,1
249,11,15,95.19418937607696,1
249,11,3,95.19966963691323,2
249,11,4,95.19967797024657,3
249,11,15,95.2340191734565,1
249,11,14,95.31300033782122,2
249,12,14,95.31300033782122,1
249,12,15,95.31300033782122,5
249,12,2,95.31865981996262,1
250,5,4,97.23225980915473,1
250,6,4,97.23225980915473,1
250,7,4,97.23225980915473,1
250,8,3,97.23227230915472,1
250,11,3,95.80606051420452,1
251,1,2,103.80290483120835,1
251,1,2,103.86131382161145,3
251,11,2,91.35171471127762,2
251,9,4,97.12279541677471,2
251,10,3,97.12280375010803,2
252,11,1,87.61654697597803,1
252,12,1,87.61654697597803,1
252,13,1,87.61654697597803,1
252,14,1,87.61654697597803,1
252,15,2,82.14667323188164,1
252,9,4,97.23974093507348,2
252,9,3,97.23974926840683,2
252,10,13,97.2512137446399,4
253,9,14,97.26601135137936,4
253,9,15,97.26601135137936,1
253,10,15,97.26601135137936,3
253,10,4,97.26898356464818,2
254,9,11,97.2480193137867,1
254,9,12,97.2480193137867,1
254,9,13,97.2480193137867,1
254,9,14,97.2480193137867,1
254,9,15,97.2480193137867,1
254,10,3,97.25694764141123,2
254,10,4,97.25694764141123,2
254,10,1,97.61207320619101,1
255,9,3,97.6298580507217,1
255,9,4,97.6298580507217,1
255,9,1,97.80082610884611,1
255,9,13,97.8501087704876,2
255,10,13,97.8501087704876,5
255,3,11,96.3081750765745,3
255,3,12,96.3081750765745,1
255,4,12,96.3081750765745,2
255,4,13,96.3081750765745,2
256,9,3,97.35145543951404,2
256,9,4,97.35145543951404,2
256,9,13,97.38495939951122,1
256,10,14,97.38495939951122,3
256,10,15,97.38495939951122,2
256,3,11,96.10197267938365,1
256,3,12,96.10197267938365,1
256,3,13,96.10197267938365,1
256,4,14,96.10197267938365,1
256,4,15,96.10197267938365,1
257,4,2,92.61081475984568,1
257,11,2,92.5773107998485,1
257,9,3,97.38537403234452,2
257,9,4,97.38537403234452,2
257,9,15,97.40213017900977,1
257,10,13,97.72636603690574,5
257,3,11,96.12710481604819,1
257,3,12,96.12710481604819,1
257,3,13,96.12710481604819,1
257,4,14,96.12710481604819,1
257,4,15,96.12710481604819,1
258,9,3,97.73062427029609,2
258,9,4,97.73062843696276,2
258,9,13,97.90112443924338,1
258,10,13,97.90112443924338,5
258,3,11,96.38285298613579,3
258,4,11,96.38284881946912,1
258,4,12,96.38284881946912,2
259,12,2,85.44708375413992,1
259,13,2,85.44708375413992,1
259,14,2,85.44708375413992,1
259,15,2,85.44708375413992,1
259,11,2,85.44283929990016,1
259,5,3,101.75552738709916,2
259,6,4,101.75553155376582,2
259,7,12,101.80148669313432,2
259,8,13,101.80148669313432,2
259,9,13,97.42259900877616,2
259,9,14,97.42259900877616,3
259,10,14,97.42259900877616,1
259,10,15,97.42259900877616,4
259,3,11,96.12064944844064,1
259,3,12,96.12064944844064,1
259,3,13,96.12064944844064,1
259,4,14,96.12064528177399,1
259,4,15,96.12064528177399,1
260,4,2,94.06516585763251,1
260,12,2,94.01496626402422,1
260,9,3,97.72625715757766,2
260,9,4,97.72626132424432,2
260,9,13,97.89891814350523,1
260,10,14,97.89891814350523,5
260,3,11,96.37963259399866,3
260,4,11,96.379628427332,1
260,4,12,96.379628427332,2
261,1,12,107.71927564295562,2
261,1,13,107.71927564295562,2
261,9,3,97.3712441646436,2
261,9,4,97.37124833131027,2
261,9,13,97.41879591022024,1
261,10,13,97.41879591022024,1
261,10,14,97.41879591022024,4
261,3,11,96.11666725972654,1
261,3,12,96.11666725972654,1
261,3,13,96.11666725972654,1
261,4,14,96.11666309305986,1
261,4,15,96.11666309305986,1
262,4,1,82.24038534481161,1
262,2,15,109.69664905037935,2
262,9,3,97.41938192162328,2
262,9,4,97.41938608828994,2
262,9,15,97.44316404441162,1
262,10,15,97.44316404441162,1
262,10,14,97.74359045205507,4
262,3,11,96.15233211057567,1
262,3,12,96.15233211057567,1
262,3,13,96.15233211057567,1
262,4,14,96.152327943909,1
262,4,15,96.152327943909,1
263,4,2,82.51127739516757,1
263,13,2,82.43995186013593,1
263,14,2,82.43995186013593,1
263,15,2,82.43995186013593,1
263,9,1,97.73828667671626,2
263,9,3,97.7476346732688,2
263,9,4,97.74763883993546,1
263,10,4,97.74763883993546,1
263,10,14,97.90974518848469,4
263,3,11,96.39548955006617,3
263,4,11,96.39548538339952,1
263,4,12,96.39548538339952,2
264,12,1,85.24029052722341,1
264,12,2,84.1708315295912,2
264,13,2,84.1708315295912,1
264,9,3,97.29618134517858,3
264,9,4,97.29618551184524,2
264,10,12,97.38608896226663,2
264,10,13,97.38608896226663,3
265,1,11,97.26422108334725,1
265,1,12,97.26422108334725,1
265,1,13,97.26422108334725,1
265,1,14,97.26422108334725,1
265,3,2,88.88597456726191,1
265,9,15,97.26356986129508,1
265,9,3,97.27435885045766,2
265,9,4,97.27436301712433,2
265,10,13,97.37503879004163,1
265,10,14,97.37503879004163,4
266,9,11,97.24988763337838,1
266,9,12,97.24988763337838,1
266,9,13,97.24988763337838,1
266,9,14,97.24988763337838,1
266,9,15,97.24988763337838,1
266,10,3,97.25798562525031,2
266,10,4,97.25798979191697,2
266,10,15,97.36674689003956,1
267,5,3,104.95837879897257,2
267,5,4,104.95838296563926,2
267,6,15,105.00630584193783,3
267,6,14,105.30145076422545,1
267,7,14,105.30145076422545,4
267,8,14,105.30145076422545,2
267,8,15,105.30145076422545,2
267,9,15,97.72423834803013,5
267,10,15,97.72423834803013,5
267,3,11,96.1239952916774,1
267,3,12,96.1239952916774,1
267,3,13,96.1239952916774,1
267,4,14,96.12399112501072,1
267,4,15,96.12399112501072,1
268,4,2,88.84483108769129,1
268,11,2,88.7969082113927,1
268,12,2,88.7969082113927,1
268,13,2,88.7969082113927,1
268,9,3,97.72851836217913,2
268,9,4,97.72852252884579,1
268,10,4,97.72852252884579,1
268,10,15,97.90006059480557,2
268,3,11,96.38130030728371,3
268,4,11,96.38129614061705,1
268,4,12,96.38129614061705,2
269,1,12,107.63682758178354,2
269,1,13,107.63682758178354,1
269,2,13,99.01009465192118,3
269,2,14,99.01009465192118,2
269,9,3,97.37637480500484,2
269,10,4,97.3763789716715,2
269,3,11,96.12046048098176,1
269,3,12,96.12046048098176,1
269,3,13,96.12046048098176,1
269,4,14,96.1204563143151,1
269,4,15,96.1204563143151,1
270,2,14,108.46929252739157,1
270,3,11,96.1546414828579,1
270,3,12,96.1546414828579,1
270,3,13,96.1546414828579,1
270,4,14,96.15463314952456,1
270,4,15,96.15463314952456,1
271,4,2,95.10159842554688,1
271,5,3,103.86879997753964,3
271,6,4,103.86880831087296,2
271,6,14,103.89160953434595,1
271,7,15,103.89160953434595,3
271,8,15,103.89160953434595,1
271,8,15,104.19147864867216,2
271,3,11,96.1546477328579,1
271,3,12,96.1546477328579,1
271,3,13,96.1546477328579,1
271,4,14,96.15463939952457,1
271,4,15,96.15463939952457,1
272,1,15,105.04232633952836,1
272,2,15,101.9269097974534,1
272,3,11,96.39665048620729,3
272,4,11,96.39664215287397,1
272,4,12,96.39664215287397,2
273,4,11,96.12430531737934,1
273,4,12,96.12430531737934,1
273,3,13,96.124296984046,1
273,3,14,96.124296984046,1
275,4,1,81.93457520609766,1
276,14,1,83.07606613855901,1
276,15,1,83.07606613855901,1
276,4,5,90.51131539373159,2
276,3,6,90.51131122706494,2
276,13,7,90.43850789714142,2
276,14,8,90.43850789714142,2
277,4,9,94.7505796166584,2
277,3,10,94.75057544999171,2
277,11,4,95.99610393874654,1
277,12,4,95.99610393874654,1
277,13,4,95.99610393874654,1
277,14,3,95.99610810541321,1
277,15,3,95.99610810541321,1
278,4,9,94.72108407476713,2
278,3,10,94.7210757414338,2
278,11,4,95.97369493013716,1
278,12,4,95.97369493013716,1
278,13,4,95.97369493013716,1
278,14,3,95.9737032634705,1
278,15,3,95.9737032634705,1
279,14,2,85.73124761777687,1
279,15,2,85.73124761777687,3
279,12,2,85.52912010312423,1
279,4,9,94.70633838715483,2
279,3,9,94.70632588715483,1
279,3,10,94.70632588715483,1
279,12,10,94.4967300918546,2
279,11,4,95.96248834249911,1
279,12,4,95.96248834249911,1
279,13,4,95.96248834249911,1
279,14,3,95.96250084249911,1
279,15,3,95.96250084249911,1
280,5,4,108.33715712901969,3
280,5,3,108.33717379568635,3
280,6,11,108.4942496578695,1
280,6,12,108.4942496578695,1
280,6,13,108.4942496578695,1
280,6,14,108.4942496578695,1
280,6,15,108.4942496578695,1
280,6,11,108.49618225762362,1
280,7,12,108.49618225762362,1
280,7,13,108.49618225762362,1
280,7,14,108.49618225762362,1
280,7,15,108.49618225762362,1
280,7,11,108.50117048578929,1
280,7,12,108.50117048578929,1
280,8,13,108.50117048578929,1
280,8,14,108.50117048578929,1
280,8,15,108.50117048578929,1
280,8,15,108.52386556930273,1
280,8,12,108.61464590335649,2
280,4,9,94.49936670596252,2
280,3,9,94.49935003929585,1
280,3,10,94.49935003929585,1
280,12,10,94.39455214164573,1
280,13,10,94.39455214164573,1
281,11,1,89.43903388072437,3
281,12,1,89.43903388072437,2
281,12,2,81.91945122452387,1
281,13,2,81.91945122452387,3
281,14,2,81.91945122452387,1
281,4,9,94.86923306906456,2
281,3,9,94.86921640239791,1
281,3,10,94.86921640239791,1
281,14,10,94.77901212625623,2
282,4,5,95.84158573339823,1
282,4,6,95.84158573339823,1
282,3,7,95.84156906673158,1
282,3,8,95.84156906673158,1
282,15,9,94.72449863157817,3
282,13,10,94.52262884520793,3
282,11,4,96.00233257842731,1
282,12,4,96.00233257842731,1
282,13,4,96.00233257842731,1
282,14,3,96.00234924509398,1
282,15,3,96.00234924509398,1
283,1,3,108.25252010162984,1
283,1,11,108.28680476784528,1
283,2,12,103.15652053496581,1
283,2,13,103.15652053496581,1
283,2,14,103.15652053496581,1
283,4,9,94.52560160919859,2
283,3,9,94.52558494253192,1
283,3,10,94.52558494253192,1
283,13,10,94.40750354957241,2
283,11,4,95.82521257232139,3
283,12,3,95.82522923898804,3
284,2,15,107.89236969694957,1
284,2,13,108.00419225013535,4
284,4,5,85.35470070431263,2
284,3,5,85.35468403764597,2
284,13,5,85.32371191192453,1
284,13,6,85.32371191192453,2
284,14,6,85.32371191192453,3
284,15,7,85.32371191192453,3
284,13,7,85.1152003778996,2
284,13,8,85.1152003778996,3
284,14,8,85.1152003778996,2
284,14,9,94.5258666971896,3
284,14,10,94.5258666971896,3
284,11,4,96.00730555583502,1
284,12,4,96.00730555583502,1
284,13,4,96.00730555583502,1
284,14,3,96.00732222250167,1
284,15,3,96.00732222250167,1
285,1,3,108.2941863359288,1
285,1,14,108.43698101483601,1
285,4,9,94.52888107626976,2
285,3,9,94.52886440960309,2
285,14,10,94.40911841306324,3
285,15,10,94.40911841306324,1
285,11,4,95.82768864435855,3
285,12,3,95.82770531102523,3
286,1,14,102.12620331336416,3
286,1,15,102.12620331336416,2
286,2,15,107.92520890620898,2
286,4,9,94.87661791164138,3
286,3,9,94.87660124497471,1
286,3,10,94.87660124497471,1
286,13,10,94.79012357688882,3
287,4,9,94.7680247676813,2
287,3,9,94.7680122676813,2
287,14,10,94.73652047417434,3
287,15,10,94.73652047417434,1
287,11,4,96.0093314268652,1
287,12,4,96.0093314268652,1
287,13,4,96.0093314268652,1
287,14,3,96.0093439268652,1
287,15,3,96.0093439268652,1
288,15,1,88.4789518197698,1
288,15,2,87.5269608112414,1
288,15,2,87.31762114209296,3
288,4,9,94.73693078825983,2
288,3,9,94.73691412159317,1
288,3,10,94.73691412159317,1
288,15,10,94.51182855569125,2
288,11,4,95.98570841506833,1
288,12,4,95.98570841506833,1
288,13,4,95.98570841506833,1
288,14,3,95.98572508173498,1
288,15,3,95.98572508173498,1
289,15,2,81.58074262874707,1
289,4,9,94.51466295859836,2
289,3,9,94.51464212526503,1
289,3,10,94.51464212526503,1
289,15,10,94.40209934231407,2
289,11,4,95.81689007397522,3
289,12,3,95.81691090730854,3
290,2,11,107.55611062165889,1
290,2,12,107.55611062165889,1
290,2,13,107.55611062165889,1
290,2,14,107.55611062165889,1
290,2,15,107.55611062165889,1
290,4,9,94.76448273826345,3
290,3,10,94.76446190493013,2
290,13,10,94.73116618302595,1
290,11,4,96.00661928426939,1
290,12,4,96.00661928426939,1
290,13,4,96.00661928426939,1
290,14,3,96.00664011760271,1
290,15,3,96.00664011760271,1
291,5,4,99.37188757539104,1
291,6,4,99.37188757539104,1
291,7,4,99.37188757539104,1
291,8,3,99.37190840872438,1
291,4,9,94.73160321288307,3
291,3,10,94.73158237954974,2
291,13,10,94.71493451859766,1
291,11,3,95.98166832617457,1
291,12,3,95.98166832617457,1
292,1,15,98.75545647889695,2
292,13,2,87.93160675287709,1
292,14,2,87.93160675287709,1
292,15,2,87.93160675287709,1
292,13,2,87.87668622436618,1
292,4,11,96.32634549186807,3
292,3,12,96.3263288252014,2
293,1,3,96.15453639968926,3
293,1,4,96.15452389968927,1
294,1,11,101.6746594565626,1
294,1,12,101.6746594565626,1
294,1,13,101.6746594565626,1
294,1,14,101.6746594565626,1
294,1,15,101.6746594565626,1
294,2,4,103.42281747991507,2
294,2,12,103.49938157734167,1
294,2,13,103.49938157734167,1
295,1,11,104.24561538150695,1
295,1,12,104.24561538150695,1
295,1,13,104.24561538150695,1
295,1,14,104.24561538150695,1
295,1,15,104.24561538150695,1
295,4,2,93.92128073820751,3
296,1,3,99.97393706986234,3
296,11,2,85.48087436609907,1
296,12,5,95.31725192571658,1
296,13,6,95.31725192571658,1
296,14,7,95.31725192571658,1
296,15,8,95.31725192571658,1
297,2,11,108.26350802932518,1
297,2,12,108.26350802932518,1
297,9,13,97.24260062430315,1
297,9,14,97.24260062430315,1
297,10,15,97.24260062430315,1
297,10,3,97.24924941077438,1
298,11,1,88.1335220840945,1
298,12,1,88.1335220840945,1
298,13,2,83.46027371005435,1
298,14,2,83.46027371005435,1
298,15,2,83.46027371005435,1
298,9,3,97.26446823298787,2
298,10,4,97.26447656632119,2
299,3,2,95.42251803708326,1
299,9,11,97.24369548017458,1
299,9,12,97.24369548017458,1
299,10,13,97.24369548017458,1
299,10,14,97.24369548017458,1
299,11,15,96.2826757734494,1
299,11,4,96.2895427991728,3
299,11,3,96.28954696583948,2
299,11,13,96.37892672078607,2
299,11,14,96.37892672078607,1
299,12,14,96.37892672078607,2
299,12,15,96.37892672078607,3
300,12,1,91.53250918128562,1
300,12,2,92.56939957987962,2
300,4,5,96.67873526008482,1
300,4,6,96.67873526008482,1
300,4,7,96.67873526008482,1
300,3,8,96.6787269267515,1
300,9,4,97.94852531839763,2
300,10,3,97.94853365173097,2
301,9,4,98.12301081318921,2
301,9,3,98.12302747985588,2
301,10,1,98.12955969936819,2
301,10,1,98.1716452070439,2
302,9,4,98.20925313840876,2
302,9,3,98.20926980507542,2
302,9,1,98.21529451157889,1
302,10,1,98.21529451157889,2
302,10,2,98.46784431452836,2
302,10,1,98.52200177462453,1
303,11,1,91.67330420141883,1
303,9,4,99.27462083166657,2
303,9,3,99.27463749833323,2
303,9,2,99.78546491544479,1
303,10,2,99.78546491544479,1
303,10,1,99.80548341341128,4
303,4,11,97.7638079170261,3
303,3,11,97.76379125035942,3
304,1,11,108.57779449151703,4
304,2,12,105.08884504015131,4
304,9,4,98.66980621933058,2
304,9,3,98.66982288599725,2
304,9,12,98.69564815438278,1
304,10,12,98.69564815438278,5
304,4,11,97.31580434615992,3
304,3,11,97.31578767949327,1
304,3,12,97.31578767949327,2
304,2,12,97.28996241110774,1
305,2,12,102.20203207034035,1
305,9,4,98.32993576974613,2
305,9,3,98.32995243641281,2
305,9,13,98.37428116039493,1
305,10,13,98.37428116039493,3
305,10,14,98.37428116039493,2
305,4,11,97.06405571066527,1
305,4,12,97.06405571066527,1
305,4,13,97.06405571066527,1
305,3,14,97.0640390439986,1
305,3,15,97.0640390439986,1
306,2,14,106.62179724645428,2
306,2,15,106.62179724645428,2
306,9,4,98.37481443611136,2
306,9,3,98.3748352694447,2
306,9,15,98.39699963143576,1
306,10,15,98.39699963143576,1
306,10,13,98.54633554394671,4
306,4,11,97.09730642031852,1
306,4,12,97.09730642031852,1
306,4,13,97.09730642031852,1
306,3,14,97.0972855869852,1
306,3,15,97.0972855869852,1
307,2,13,104.4918407659285,5
307,9,4,98.54845429737799,2
307,9,3,98.54847929737798,2
307,9,13,98.63422943462899,1
307,10,14,98.63422943462899,5
307,4,11,97.2259357928617,3
307,3,12,97.2259107928617,3
308,12,2,91.80571998940621,1
308,13,2,91.80571998940621,1
308,14,2,91.80571998940621,1
308,9,4,98.299588414258,3
308,9,3,98.29961341425799,2
308,10,13,98.32896612935707,3
308,10,14,98.32896612935707,2
308,4,11,97.04159794734072,1
308,4,12,97.04159794734072,1
308,4,13,97.04159794734072,1
308,3,14,97.04157294734073,1
308,3,15,97.04157294734073,1
309,1,14,110.22162212893403,1
309,1,15,110.22162212893403,3
309,2,14,102.73027189070707,4
309,9,4,98.3293080382958,3
309,9,3,98.3293330382958,2
309,10,14,98.5233056594557,1
309,10,15,98.5233056594557,4
309,4,11,97.06361248366503,1
309,4,12,97.06361248366503,1
309,4,13,97.06361248366503,1
309,3,14,97.06358748366503,1
309,3,15,97.06358748366503,1
310,9,4,98.52570531722021,3
310,9,3,98.52573031722021,2
310,10,15,98.62271662780016,5
310,4,11,97.20909194953495,3
310,3,12,97.20906694953496,3
311,15,1,88.83255477341112,1
311,11,1,88.81126242973552,1
311,12,1,88.81126242973552,1
311,9,4,98.29390221088522,3
311,9,3,98.29392304421854,2
311,10,13,98.32047192431872,3
311,10,14,98.32047192431872,2
311,4,11,97.03738594484236,1
311,4,12,97.03738594484236,1
311,4,13,97.03738594484236,1
311,3,14,97.03736511150903,1
311,3,15,97.03736511150903,1
312,1,14,98.32829272954132,1
312,1,15,98.32829272954132,3
312,3,2,94.95248745466644,1
312,13,2,94.90464623089065,1
312,14,2,94.90464623089065,1
312,9,4,98.32078295198664,3
312,9,3,98.32079961865331,2
312,10,15,98.51899049231156,1
312,10,1,98.96123153629968,4
312,4,11,97.0572976049175,1
312,4,12,97.0572976049175,1
312,4,13,97.0572976049175,1
312,3,14,97.05728093825083,1
312,3,15,97.05728093825083,1
313,3,2,91.83446001965993,1
313,15,2,91.77334018916739,1
313,11,2,91.73025632214066,2
313,12,2,91.73025632214066,1
313,4,5,93.14228047396688,2
313,4,6,93.14228047396688,1
313,3,6,93.14226797396688,1
313,3,7,93.14226797396688,2
313,12,8,92.53711635376128,1
313,13,8,92.53711635376128,1
313,9,4,99.33519405792646,3
313,9,3,99.33520655792645,2
313,10,1,99.83615448061278,1
313,10,1,100.19959654048483,4
314,13,2,95.22855795632925,1
314,9,4,98.43109348272566,3
314,9,3,98.431101816059,2
314,10,11,98.58978818307901,5
314,4,11,97.13900910916863,2
314,4,12,97.13900910916863,1
314,3,12,97.13900077583529,1
314,3,13,97.13900077583529,2
315,1,14,108.30777956119036,2
315,1,15,108.30777956119036,2
315,14,2,94.54827241159634,2
315,4,5,85.49116486671248,3
315,3,5,85.49116070004581,2
315,3,6,85.49116070004581,1
315,15,6,85.44408752132219,2
315,1,6,85.32750573525479,2
315,1,7,85.32750573525479,3
315,12,7,85.27175205321528,1
315,13,7,85.27175205321528,1
315,13,8,85.27175205321528,5
315,9,4,98.20506833892547,3
315,9,3,98.20507250559214,1
315,10,3,98.20507250559214,1
315,10,11,98.47538039424188,3
316,2,11,102.51371891066262,2
316,9,3,98.49523132119096,3
316,9,4,98.49523132119096,1
316,10,4,98.49523132119096,2
316,10,11,98.62225301489478,1
316,10,12,98.62225301489478,1
316,3,11,97.18651861914292,2
316,3,12,97.18651861914292,1
316,4,12,97.18651861914292,1
316,4,13,97.18651861914292,2
317,2,14,99.73631137480115,2
317,9,3,98.28524063700709,3
317,10,4,98.28524063700709,3
317,3,11,97.0309699641919,1
317,3,12,97.0309699641919,1
317,3,13,97.0309699641919,1
317,4,14,97.0309699641919,1
317,4,15,97.0309699641919,1
318,4,1,95.42587156934042,1
318,11,1,95.40254897893726,1
318,3,5,86.64608377475778,3
318,4,5,86.64608377475778,2
318,4,6,86.64608377475778,1
318,12,6,86.61109988915308,1
318,13,6,86.61109988915308,1
318,14,6,86.61109988915308,1
318,15,6,86.61109988915308,1
318,13,7,86.3754184077471,3
318,14,7,86.3754184077471,2
318,14,8,86.3754184077471,5
319,14,2,84.0254416193568,1
319,11,3,96.84470717510025,2
319,12,3,96.84470717510025,1
319,12,4,96.84470717510025,1
319,13,4,96.84470717510025,2
320,14,1,88.7803012378216,2
322,11,5,86.30295473107597,1
322,12,5,86.30295473107597,1
322,13,5,86.30295473107597,1
322,14,5,86.30295473107597,1
322,15,5,86.30295473107597,1
322,11,6,86.29779594818419,1
322,12,6,86.29779594818419,1
322,13,6,86.29779594818419,1
322,14,6,86.29779594818419,1
322,15,6,86.29779594818419,1
322,3,7,86.29521655673828,3
322,4,7,86.29521655673828,2
322,4,8,86.29521655673828,1
322,15,8,86.25153294463468,2
322,14,8,86.06648093043663,1
322,15,8,86.06648093043663,1
322,15,9,95.54523740769221,2
322,15,10,95.54523740769221,2
323,15,2,91.88189080833533,4
323,1,2,91.57753582087395,1
323,3,9,95.5348587737587,2
323,4,10,95.5348587737587,2
323,11,3,96.82898352233438,2
323,12,3,96.82898352233438,1
323,12,4,96.82898352233438,1
323,13,4,96.82898352233438,2
324,14,2,95.73251972118004,1
324,3,9,95.71242610207716,2
324,4,10,95.71242610207716,2
324,11,3,96.96383745312477,1
324,12,3,96.96383745312477,1
324,13,3,96.96383745312477,1
324,14,4,96.96383745312477,1
324,15,4,96.96383745312477,1
325,2,4,97.9902096264732,1
325,3,9,95.6948945278811,2
325,4,10,95.6948945278811,2
325,11,3,96.95051500225858,1
325,12,3,96.95051500225858,1
325,13,3,96.95051500225858,1
325,14,4,96.95051500225858,1
325,15,4,96.95051500225858,1
326,1,4,109.31193992807485,1
326,1,11,109.33858066314059,1
326,3,9,95.68612670953308,2
326,3,10,95.68612670953308,1
326,4,10,95.68612670953308,1
326,11,3,96.94384856849214,1
326,12,3,96.94384856849214,1
326,13,3,96.94384856849214,1
326,14,4,96.94384856849214,1
326,15,4,96.94384856849214,1
327,3,9,95.68612670953308,2
327,3,10,95.68612670953308,1
327,4,10,95.68612254286641,1
327,11,3,96.94384856849214,1
327,12,3,96.94384856849214,1
327,13,3,96.94384856849214,1
327,14,4,96.9438527351588,1
327,15,4,96.9438527351588,1
328,4,1,92.06749391048754,2
328,14,1,92.0630523990877,1
328,15,1,92.0630523990877,1
328,3,9,95.71682042791784,2
328,3,10,95.71682042791784,1
328,4,10,95.71682042791784,1
328,11,3,96.96716025334133,1
328,12,3,96.96716025334133,1
328,13,3,96.96716025334133,1
328,14,4,96.96716025334133,1
328,15,4,96.96716025334133,1
329,4,1,93.99604086311618,2
329,15,1,93.97605406181688,1
329,2,4,106.92944292368757,1
329,2,12,106.94498821358704,1
329,2,13,106.94498821358704,1
329,2,14,106.94498821358704,1
329,3,9,95.71682042791784,3
329,4,10,95.71682042791784,3
329,11,3,96.96716025334133,1
329,12,3,96.96716025334133,1
329,13,3,96.96716025334133,1
329,14,4,96.96716025334133,1
329,15,4,96.96716025334133,1
330,1,4,100.68658504527298,1
330,5,3,107.46075407272771,3
330,5,4,107.46075407272771,2
330,6,4,107.46075407272771,1
330,6,2,107.48754551065079,1
330,6,15,107.73405578952551,1
330,6,11,107.75502065988003,1
330,6,12,107.75502065988003,1
330,7,13,107.75502065988003,1
330,7,14,107.75502065988003,1
330,7,15,107.75502065988003,1
330,7,15,107.80103956392959,2
330,8,12,108.00843777053095,5
330,3,9,95.20775148479359,3
330,4,10,95.20775148479359,3
331,1,12,105.26830351011239,1
331,2,12,110.24769552690186,4
331,3,9,95.90160669441207,2
331,3,10,95.90160669441207,1
331,4,10,95.90160669441207,1
331,4,11,97.08250425321035,1
331,4,12,97.08250425321035,1
332,1,13,107.00396763580312,1
332,1,14,107.00396763580312,1
332,1,15,107.00396763580312,1
332,1,3,107.0496726933898,1
332,11,2,91.84172984409035,2
332,3,9,95.66255456994043,2
332,4,9,95.66255040327377,1
332,4,10,95.66255040327377,1
332,11,10,95.58723312990433,2
332,11,3,96.92596034010953,1
332,12,3,96.92596034010953,1
332,13,3,96.92596034010953,1
332,14,4,96.9259645067762,1
332,15,4,96.9259645067762,1
333,11,1,87.66670787155226,1
333,12,1,87.66670787155226,1
333,2,4,98.54889407541938,1
333,2,13,98.86628101070102,4
333,3,9,95.58818292915478,2
333,4,10,95.5881787624881,2
333,11,3,96.86946821841579,1
333,12,3,96.86946821841579,1
333,13,3,96.86946821841579,1
333,14,4,96.86947238508245,1
333,15,4,96.86947238508245,1
334,1,4,103.70656832039981,1
334,3,5,94.54082154467953,1
334,3,6,94.54082154467953,1
334,3,7,94.54082154467953,1
334,4,8,94.54081737801286,1
334,4,9,95.5509909108453,1
334,12,9,95.53215534250293,1
334,12,10,95.53215534250293,2
334,11,3,96.8412169492356,2
334,12,3,96.8412169492356,1
334,12,4,96.84122111590227,1
334,13,4,96.84122111590227,2
335,2,13,102.30958326149818,1
335,3,11,97.14767708727081,2
335,3,12,97.14767708727081,1
335,4,12,97.14767708727081,1
335,4,13,97.14767708727081,2
336,1,14,99.96577628591423,2
336,1,15,99.96577628591423,2
336,1,3,100.03320562152106,1
336,14,2,85.9655441794676,2
336,15,2,85.9655441794676,2
337,1,3,107.57157028028843,3
337,1,4,107.57157444695508,2
338,11,2,84.81598841953567,1
338,12,2,84.81598841953567,1
338,13,2,84.81598841953567,1
338,14,2,84.81598841953567,1
341,1,11,110.11832494104144,1
341,1,12,110.11832494104144,1
341,1,13,110.11832494104144,1
341,1,14,110.11832494104144,1
342,11,1,82.64870365154218,1
342,12,2,84.96070002203294,1
342,13,2,84.96070002203294,1
342,14,2,84.96070002203294,1
342,15,2,84.96070002203294,1
343,15,1,83.1367243989436,1
343,3,1,83.12439180833502,1
344,1,11,104.1864912269265,1
344,1,12,104.1864912269265,1
345,1,13,98.0657537476452,1
345,1,14,98.0657537476452,1
345,1,15,98.0657537476452,1
345,1,11,98.06578009449763,1
345,2,12,102.47875254527536,1
346,11,1,87.89413789245529,1
346,12,1,87.89413789245529,1
346,13,1,87.89413789245529,1
346,14,1,87.89413789245529,1
346,15,1,87.89413789245529,1
346,11,5,83.76321139301957,1
346,12,5,83.76321139301957,1
346,13,5,83.76321139301957,1
346,14,5,83.76321139301957,1
346,15,5,83.76321139301957,1
346,11,5,83.76318149839804,1
346,12,6,83.76318149839804,1
346,13,6,83.76318149839804,1
346,14,6,83.76318149839804,1
346,15,6,83.76318149839804,1
346,3,6,83.75073571332571,2
346,3,7,83.75073571332571,1
346,4,7,83.75073154665904,2
346,12,7,83.62076444112593,1
346,13,7,83.62076444112593,2
346,13,8,83.62076444112593,3
346,14,8,83.62076444112593,3
347,11,3,96.90106700722905,1
347,12,3,96.90106700722905,1
347,13,3,96.90106700722905,1
347,14,4,96.90106700722905,1
347,15,4,96.90106700722905,1
348,2,4,108.90218064945506,1
348,2,11,108.96089958979306,1
348,11,3,96.90105450722905,1
348,12,3,96.90105450722905,1
348,13,3,96.90105450722905,1
348,14,4,96.90105450722905,1
348,15,4,96.90105450722905,1
349,11,4,97.01276365083343,2
349,11,3,97.0127678175001,2
349,11,12,97.07148675783809,1
349,12,13,97.07148675783809,1
349,12,14,97.07148675783809,1
349,12,15,97.07148675783809,1
349,12,13,97.07151199601265,1
349,12,14,97.07151199601265,1
349,13,15,97.07151199601265,1
349,13,15,97.07161738342228,1
349,13,11,97.07219144511242,1
349,13,12,97.07219144511242,1
349,14,13,97.07219144511242,1
349,15,14,97.07219144511242,1
350,4,1,93.00798030991439,3
350,3,1,93.00797614324772,1
350,5,4,98.80197676039342,1
350,6,4,98.80197676039342,1
350,7,3,98.80198926039343,1
350,8,3,98.80198926039343,1
350,11,15,97.08704839368215,1
350,12,11,97.08934464044273,1
350,13,12,97.08934464044273,1
350,14,13,97.08934464044273,1
350,15,14,97.08934464044273,1
351,2,15,104.6847980573786,1
351,2,13,104.95706345131879,3
351,11,4,97.08134939613439,2
351,11,3,97.08136189613438,2
352,1,13,98.1048183302841,3
352,11,4,97.40027912273544,1
352,12,4,97.40027912273544,1
352,13,3,97.40029162273544,1
352,14,3,97.40029162273544,1
353,15,1,83.61998219587147,1
353,4,1,83.58931668516064,2
353,9,4,98.7068905857361,2
353,10,3,98.70691141906943,2
354,2,11,102.4597824512687,1
354,2,12,102.4597824512687,1
354,2,13,102.4597824512687,1
354,2,14,102.4597824512687,1
354,2,15,102.4597824512687,1
354,9,4,98.68568406860717,2
354,9,3,98.68570490194051,1
354,10,14,98.71864025947171,3
355,2,11,102.47741204493612,1
355,2,12,102.47741204493612,1
355,2,13,102.47741204493612,1
355,2,14,102.47741204493612,1
355,4,5,90.26543922024933,3
355,3,6,90.26542255358267,3
355,3,7,90.26542255358267,1
355,12,7,90.15499868904678,2
355,12,8,90.15499868904678,2
355,13,8,90.15499868904678,1
355,9,15,98.66190297457076,1
355,9,4,98.66977282659383,2
355,9,3,98.66978949326048,1
355,9,14,98.71058220281475,1
355,10,14,98.71058220281475,5
356,11,1,83.07199312327138,1
356,12,1,83.07199312327138,1
356,2,14,101.00845937518949,2
356,9,4,98.72452847184081,2
356,9,3,98.72453680517415,2
356,9,15,98.73830013230192,1
356,10,15,98.73830013230192,5
356,4,11,97.46801114594476,1
356,4,12,97.46801114594476,1
356,4,13,97.46801114594476,1
356,3,14,97.46800281261142,1
356,3,15,97.46800281261142,1
357,9,4,98.73845967389101,2
357,9,3,98.73847217389101,2
357,9,15,98.7453538374549,1
357,10,15,98.7453538374549,4
357,10,1,99.08507182201956,1
357,4,11,97.47833780795723,1
357,4,12,97.47833780795723,1
357,4,13,97.47833780795723,1
357,3,14,97.47832530795723,1
357,3,15,97.47832530795723,1
358,4,5,96.2971185970066,1
358,4,6,96.2971185970066,1
358,4,7,96.2971185970066,1
358,3,8,96.29710193033993,1
358,9,4,99.17161328864012,2
358,9,3,99.1716299553068,2
358,9,1,99.38553503254914,1
358,10,1,99.38553503254914,1
358,10,2,99.53436579698212,3
358,10,1,100.1167837436856,1
358,3,11,97.79918292382078,3
359,1,11,103.10885561291715,1
359,1,12,103.10885561291715,2
359,2,12,104.88049039065368,2
359,9,4,98.7967115999187,2
359,9,3,98.79672409991869,2
359,9,13,98.84614792239354,1
359,10,13,98.84614792239354,3
359,10,14,98.84614792239354,2
359,4,11,97.52150188896539,1
359,4,12,97.52150188896539,1
359,4,13,97.52150188896539,1
359,3,14,97.52148938896539,1
359,3,15,97.52148938896539,1
360,9,4,98.84674905350784,2
360,9,3,98.84676572017449,2
360,9,14,98.87147763141192,1
360,10,14,98.87147763141192,1
360,10,15,98.87147763141192,4
360,4,11,97.5585739224882,1
360,4,12,97.5585739224882,1
360,4,13,97.5585739224882,1
360,3,14,97.55855725582154,1
360,3,15,97.55855725582154,1
361,3,1,90.25723230929188,1
361,13,1,90.18309657557958,1
361,14,1,90.18309657557958,1
361,9,4,99.88041070191964,2
361,9,3,99.88042736858631,2
361,9,1,100.39088378961273,1
361,10,2,100.47839276264371,1
361,10,1,100.60189618038771,1
361,10,1,100.62320343150964,3
361,4,11,98.3242564706945,3
361,3,11,98.32423980402783,3
362,1,11,109.79800547240231,3
362,5,4,108.19993539100427,2
362,5,3,108.19995205767094,2
362,5,11,108.3368916101803,1
362,6,11,108.3368916101803,1
362,6,12,108.3368916101803,4
362,7,12,108.3368916101803,5
362,8,12,108.3368916101803,2
362,8,13,108.3368916101803,3
362,9,13,99.11085779741461,5
362,10,13,99.11085779741461,3
362,10,14,99.11085779741461,2
362,4,11,97.65277548401716,2
362,4,12,97.65277548401716,1
362,3,12,97.65275881735049,1
362,3,13,97.65275881735049,2
363,15,2,86.33200230303768,1
363,13,2,86.20828738320304,2
363,9,4,98.7472711723183,2
363,9,3,98.74728783898497,2
363,9,14,98.772317365937,1
363,10,14,98.772317365937,1
363,10,15,98.772317365937,2
363,10,14,98.99614575038501,2
363,4,11,97.48490836234782,1
363,4,12,97.48490836234782,1
363,4,13,97.48490836234782,1
363,3,14,97.48489169568114,1
363,3,15,97.48489169568114,1
364,3,2,87.54739209009554,1
364,9,4,98.99923564094416,3
364,9,3,98.99925230761083,2
364,10,14,99.12368542997751,5
364,4,11,97.6715559625645,3
364,3,12,97.67153929589783,3
365,1,13,98.45057021354042,3
365,1,14,98.45057021354042,2
365,13,2,83.8442285858203,1
365,4,5,94.93846014672225,1
365,4,6,94.93846014672225,1
365,4,7,94.93846014672225,1
365,3,8,94.93844764672225,1
365,9,4,98.6283412483288,3
365,9,3,98.62835374832879,1
365,10,3,98.62835374832879,1
365,10,14,98.71837775940048,1
365,10,15,98.71837775940048,2
366,1,15,101.15350251802536,1
366,1,14,101.37107352073537,2
366,1,15,101.37107352073537,1
366,9,4,98.74325408509512,3
366,9,3,98.74327075176177,1
366,10,3,98.74327075176177,1
366,10,15,98.99411451899219,3
366,4,11,97.4819399952689,1
366,4,12,97.4819399952689,1
366,4,13,97.4819399952689,1
366,3,14,97.48192332860224,1
366,3,15,97.48192332860224,1
367,3,1,94.41307733138532,1
367,11,1,94.3798045668649,1
367,12,1,94.3798045668649,1
367,4,5,91.60446475015233,3
367,3,6,91.60445225015233,3
367,13,7,91.44575343535004,1
367,14,7,91.44575343535004,1
367,15,7,91.44575343535004,1
367,14,8,91.33225927558084,3
367,9,4,98.9972333994159,3
367,9,3,98.9972458994159,1
367,10,3,98.9972458994159,1
367,10,15,99.12267194969778,3
368,1,11,98.20754736602507,3
368,1,12,98.20754736602507,2
368,9,4,98.62784068794673,3
368,10,3,98.62784902128007,2
368,10,12,98.71763000870628,1
369,11,1,94.6658115364962,1
369,12,1,94.6658115364962,1
369,13,1,94.6658115364962,1
369,14,1,94.6658115364962,1
369,15,1,94.6658115364962,1
369,4,2,92.8617848046884,3
369,3,2,92.86177647135506,1
369,9,4,98.74262838461752,2
369,10,4,98.74262838461752,1
369,10,3,98.74264088461751,1
369,4,11,97.48147651343365,1
369,4,12,97.48147651343365,1
369,4,13,97.48147651343365,1
369,3,14,97.48146401343365,1
369,3,15,97.48146401343365,1
370,3,1,97.39576339346041,1
370,2,1,104.2525214670587,2
370,2,3,104.36799598433164,1
370,2,13,104.40108752278462,1
370,4,11,97.48147651343365,1
370,4,12,97.48147651343365,1
370,4,13,97.48147651343365,1
370,3,14,97.48146818010032,1
370,3,15,97.48146818010032,1
371,2,4,107.07973467278181,3
371,5,3,109.32653328893696,3
371,5,4,109.32653328893696,3
371,6,13,109.3596414940566,2
371,6,14,109.3596414940566,3
371,6,15,109.3596414940566,1
371,7,15,109.3596414940566,2
371,7,15,109.57770687739087,4
371,8,1,109.6110029992359,5
371,8,1,110.63120432336748,1
371,3,11,97.48147026343366,1
371,3,12,97.48147026343366,1
371,3,13,97.48147026343366,1
371,4,14,97.48147026343366,1
371,4,15,97.48147026343366,1
372,2,1,101.89143532687089,1
372,2,13,101.89982129966126,1
372,2,14,101.89982129966126,1
372,3,11,98.45997353925655,3
372,4,11,98.45996937258988,3
373,2,1,109.54988431588663,1
373,3,1,97.53340898689918,2
373,4,1,97.53341315356585,2
374,11,4,97.4024279938713,1
374,12,4,97.4024279938713,1
374,13,4,97.4024279938713,1
374,14,3,97.40243216053797,1
374,15,3,97.40243216053797,1
375,11,4,97.40241861887131,1
375,12,4,97.40241861887131,1
375,13,4,97.40241861887131,1
375,14,3,97.40242695220464,1
375,15,3,97.40242695220464,1
376,11,3,97.40242486887132,1
376,12,3,97.40242486887132,1
376,13,3,97.40242486887132,1
376,14,4,97.40242903553798,1
376,15,4,97.40242903553798,1
377,1,11,108.7124859326764,2
377,1,12,108.7124859326764,2
377,1,13,108.7124859326764,1
377,3,2,86.80987125717635,1
378,3,2,90.40288863942638,3
378,4,2,90.40287613942637,2
379,1,11,109.67367775056726,1
379,2,12,106.45190493537453,1
379,2,13,106.45190493537453,1
379,2,14,106.45190493537453,1
379,2,15,106.45190493537453,1
379,2,3,106.45908517326706,1
379,11,5,96.28132054706913,1
379,12,6,96.28132054706913,1
379,13,7,96.28132054706913,1
379,14,8,96.28132054706913,1
380,15,1,83.60682310668618,1
380,3,1,83.59611295782597,2
380,4,1,83.59610879115931,1
380,2,11,106.59471618404956,1
380,2,12,106.59471618404956,1
380,4,9,96.2099690835206,2
380,4,10,96.2099690835206,1
380,3,10,96.20996075018728,1
381,11,1,91.48197978297577,1
381,12,1,91.48197978297577,1
381,13,1,91.48197978297577,1
381,14,1,91.48197978297577,1
381,15,2,97.34900280384872,1
383,1,13,105.88112122054831,1
385,1,11,105.1431852215936,1
385,1,12,105.1431852215936,1
385,1,13,105.1431852215936,1
385,2,14,108.41107556517346,1
385,2,15,108.41107556517346,1
385,2,14,108.41110038340392,1
385,2,15,108.41110038340392,1
387,11,1,95.27444211047772,1
387,12,1,95.27444211047772,1
387,13,1,95.27444211047772,1
387,2,11,107.55019196208875,1
387,2,12,107.55019196208875,1
387,2,13,107.55019196208875,1
388,1,11,110.05418402022136,1
388,1,12,110.05418402022136,1
388,2,13,110.2940666050662,1
388,2,14,110.2940666050662,1
391,1,11,103.80135523017105,1
391,1,12,103.80135523017105,1
391,1,13,103.80135523017105,1
391,1,14,103.80135523017105,1
391,14,9,96.2241700952829,1
391,15,9,96.2241700952829,1
391,11,9,96.2241665222441,1
391,12,10,96.2241665222441,1
391,13,10,96.2241665222441,1
391,14,10,96.2241665222441,1
392,15,1,96.56823913260638,1
392,11,1,96.5682248404512,1
392,12,1,96.5682248404512,1
392,13,1,96.5682248404512,1
392,14,1,96.5682248404512,1
393,11,2,95.72597886940063,1
393,12,2,95.72597886940063,1
393,9,11,98.66022395980892,1
393,9,12,98.66022395980892,1
393,9,13,98.66022395980892,1
393,9,14,98.66022395980892,1
393,9,15,98.66022395980892,1
393,10,15,98.66023312061122,1
393,10,11,98.6602697638204,1
393,10,12,98.6602697638204,1
393,10,13,98.6602697638204,1
393,10,14,98.6602697638204,1
394,13,1,84.69760940028834,1
394,14,1,84.69760940028834,1
394,15,1,84.69760940028834,1
394,9,11,98.66022056544816,1
394,9,12,98.66022056544816,1
394,9,13,98.66022056544816,1
394,10,14,98.66022056544816,1
394,10,15,98.66022056544816,1
394,10,15,98.6602686136651,1
395,15,2,86.53287260400006,1
395,11,2,86.53279061714892,1
395,12,2,86.53279061714892,1
395,9,11,98.66021046665607,1
395,9,12,98.66021046665607,1
395,10,13,98.66021046665607,1
395,10,14,98.66021046665607,1
396,2,15,101.4849063736824,1
396,2,11,101.48510155578742,1
396,2,12,101.48510155578742,1
396,5,13,101.23847396207196,1
396,6,14,101.23847396207196,1
396,7,15,101.23847396207196,1
396,8,15,101.23906025341884,1
398,11,2,94.01643802829749,1
398,12,2,94.01643802829749,1
399,13,1,95.80925078366225,1
399,14,1,95.80925078366225,1
399,15,2,94.94829640153003,1
399,5,11,104.86196582185468,1
399,5,12,104.86196582185468,1
399,5,13,104.86196582185468,1
399,6,14,104.86196582185468,1
399,6,15,104.86196582185468,1
399,6,11,104.86255215361825,1
399,7,12,104.86255215361825,1
399,7,13,104.86255215361825,1
399,7,14,104.86255215361825,1
399,8,15,104.86255215361825,1
399,8,14,104.86489748067254,1
399,8,15,104.86489748067254,1
399,12,11,97.13520173026498,1
399,13,11,97.13520173026498,1
399,14,11,97.13520173026498,1
399,15,11,97.13520173026498,1
399,13,11,97.13510596859238,1
399,14,11,97.13510596859238,1
399,15,11,97.13510596859238,1
399,4,11,97.1227949350733,2
399,3,11,97.12278660173997,2
399,14,11,97.01075448293075,1
399,15,12,97.01075448293075,4
400,1,12,98.44761854727155,5
400,4,9,95.54721663776522,2
400,3,10,95.54720830443189,2
400,14,11,96.60109115824075,2
400,15,11,96.60109115824075,3
400,15,12,96.60109115824075,2
401,14,2,89.00947958587938,1
401,4,9,95.0680290051692,2
401,3,9,95.06802067183585,2
401,14,10,94.88103047934649,2
401,15,10,94.88103047934649,2
402,2,11,106.81190480560502,1
402,2,12,106.81190480560502,1
402,2,13,106.81190480560502,1
402,5,4,107.73466833319006,3
402,5,3,107.73467666652338,3
402,6,3,107.73467666652338,1
402,6,14,107.81314037842776,1
402,6,15,107.81314037842776,1
402,6,12,107.93445159343098,3
402,7,13,107.93445159343098,5
402,7,14,107.93445159343098,1
402,8,14,107.93445159343098,4
402,8,15,107.93445159343098,2
402,4,9,94.85369733101385,2
402,3,9,94.8536889976805,2
402,15,9,94.77522528577613,1
402,1,10,94.74748529268594,2
402,2,10,94.69236257598149,3
403,11,1,86.12381046671237,1
403,12,1,86.12381046671237,1
403,13,1,86.12381046671237,1
403,4,9,95.09965110996849,2
403,3,9,95.09964694330182,2
403,14,9,95.02439513232063,1
403,15,10,95.02439513232063,1
403,2,10,94.81378073900973,2
403,1,10,94.78553226507205,2
404,1,11,96.41487210402086,1
404,4,9,94.65843133834743,2
404,3,9,94.65842717168076,2
404,15,9,94.4730900614307,1
404,15,10,94.4730900614307,1
404,1,10,94.20329855995868,2
404,11,10,94.18043301179726,1
404,12,10,94.18043301179726,1
404,11,4,95.96805271111975,3
404,12,3,95.96805687778642,3
404,13,3,95.96805687778642,1
405,13,2,90.87356881592241,2
405,14,2,90.87356881592241,2
405,3,9,94.9389432298527,2
405,4,9,94.9389432298527,2
405,14,9,94.89562701403568,1
405,15,10,94.89562701403568,3
405,13,10,94.31891150886949,1
405,14,10,94.31891150886949,1
405,11,3,96.18109238610266,1
405,12,3,96.18109238610266,1
405,13,3,96.18109238610266,1
405,14,4,96.18109238610266,1
405,15,4,96.18109238610266,1
406,1,4,108.92756719636296,1
406,1,12,108.97088341217997,1
406,1,13,108.97088341217997,1
406,3,9,94.32666607204843,2
406,4,9,94.32666607204843,2
406,15,9,94.01664604489017,1
406,15,10,94.01657395092917,1
406,15,10,94.01609192792122,1
406,2,10,93.9900310011322,3
406,11,3,95.71606442869859,3
406,11,4,95.71606442869859,3
407,1,14,109.54789470929256,1
407,1,15,109.54789470929256,1
407,1,15,109.66119927329174,1
407,3,9,94.85600816327795,2
407,4,9,94.85600816327795,2
407,12,9,94.7706869559463,1
407,12,10,94.7706869559463,5
407,11,3,96.11808906549737,1
407,12,3,96.11808906549737,1
407,13,3,96.11808906549737,1
407,14,4,96.11808906549737,1
407,15,4,96.11808906549737,1
408,13,1,93.85724343088788,1
408,3,9,94.77175763770461,2
408,4,9,94.77175347103794,2
408,13,9,94.72909286737212,1
408,13,10,94.72909286737212,4
408,14,10,94.72909286737212,1
408,11,3,96.05409399333197,2
408,12,3,96.05409399333197,1
408,12,4,96.05409815999863,1
408,13,4,96.05409815999863,2
409,2,15,97.65973306478175,2
409,2,12,97.82799208824417,1
409,3,9,95.07917556164118,2
409,4,9,95.07917139497451,2
409,14,9,94.99353338863773,1
409,14,10,94.99353338863773,1
409,15,10,94.99353338863773,2
409,14,10,94.88085408931549,2
410,1,11,103.3214984319657,1
410,1,12,103.3214984319657,1
410,1,13,103.3214984319657,1
410,2,14,101.51199870668806,1
410,2,15,101.51199870668806,1
410,2,3,101.54484794536158,1
410,5,3,110.36263908979481,3
410,5,4,110.36264742312814,3
410,5,12,110.73212147509362,1
410,6,12,110.73212147509362,1
410,6,13,110.73212147509362,6
410,7,13,110.73212147509362,6
410,7,14,110.73212147509362,1
410,8,14,110.73212147509362,7
410,3,9,94.85089031786279,2
410,4,9,94.85088198452947,2
410,14,9,94.76815836770338,1
410,14,10,94.76815836770338,2
410,15,10,94.76815836770338,3
411,11,1,91.3437392735693,1
411,12,1,91.3437392735693,1
411,13,1,91.3437392735693,1
411,14,1,91.3437392735693,1
411,3,9,95.26511451734987,2
411,4,9,95.26510618401656,2
411,15,9,95.10535962757194,1
411,15,10,94.97264673833624,3
411,2,10,94.45330950577468,1
411,2,10,94.43853066736077,1
412,1,2,91.95555083404636,1
412,13,2,91.90894730363416,4
412,3,9,94.32900805084492,2
412,4,9,94.32899971751158,2
412,14,9,93.88836150746877,1
412,14,10,93.88836150746877,4
412,15,10,93.88836150746877,1
412,11,3,95.71783581554823,3
412,11,4,95.71784414888157,3
413,3,9,94.89795950982243,2
413,4,9,94.8979511764891,2
413,12,9,94.79198690857707,1
413,12,10,94.79198690857707,5
413,11,3,96.14994351645942,1
413,12,3,96.14994351645942,1
413,13,3,96.14994351645942,1
413,14,4,96.14995184979276,1
413,15,4,96.14995184979276,1
414,1,4,110.41802925754371,1
414,1,11,110.52399352545572,2
414,1,12,110.52399352545572,1
414,3,9,94.79332396192596,2
414,4,9,94.79331562859264,2
414,13,9,94.74032932796996,1
414,13,10,94.74032932796996,5
414,11,3,96.07046614885874,2
414,12,3,96.07046614885874,1
414,12,4,96.07047448219207,1
414,13,4,96.07047448219207,2
415,1,12,109.08510856703839,1
415,1,13,109.08510856703839,2
415,3,9,95.01404473759268,2
415,4,9,95.01403640425936,2
415,14,9,94.9668369141213,1
415,14,10,94.9668369141213,1
415,15,10,94.9668369141213,2
415,14,10,94.8492906919067,2
416,2,11,103.20375808452097,1
416,3,9,94.83519102321645,2
416,4,9,94.83518268988311,2
416,14,10,94.76099993417665,4
416,11,3,96.10227124815108,1
416,12,3,96.10227124815108,1
416,13,3,96.10227124815108,1
416,14,4,96.10227958148442,1
416,15,4,96.10227958148442,1
417,15,1,87.03199017147224,1
417,5,3,98.98002559861612,1
417,6,3,98.98002559861612,1
417,7,3,98.98002559861612,1
417,8,4,98.98003809861612,1
417,3,9,94.76193971862298,2
417,4,9,94.76192721862299,2
417,15,10,94.72483584076974,4
417,11,4,96.04664251470457,2
418,1,12,96.43652255614359,1
418,1,13,96.43652255614359,1
418,1,14,96.43652255614359,1
418,3,9,94.94343019016097,2
418,4,10,94.94341769016097,2
418,11,3,96.18446354794017,1
418,12,3,96.18446354794017,1
418,13,3,96.18446354794017,1
418,14,4,96.18447604794017,1
418,15,4,96.18447604794017,1
419,12,1,83.04416161972196,2
419,13,1,83.04416161972196,2
419,14,1,83.04416161972196,1
419,5,3,102.78478026056621,3
419,6,4,102.78479692723286,3
419,7,15,102.81387667767015,1
419,7,14,102.87743970208126,2
419,8,15,102.87743970208126,2
419,8,14,103.11711698387668,1
420,11,1,92.0992935616506,1
420,12,1,92.0992935616506,1
420,13,1,92.0992935616506,1
420,5,3,104.61851682829086,2
420,5,4,104.6185251616242,2
420,6,4,104.6185251616242,1
420,6,14,104.76899467757173,3
420,7,15,104.76899467757173,4
420,8,15,104.76899467757173,4
420,3,11,96.4177015670993,2
420,3,12,96.4177015670993,1
420,4,12,96.41769323376597,1
420,4,13,96.41769323376597,1
421,5,3,99.21458247607005,1
421,6,3,99.21458247607005,1
421,7,3,99.21458247607005,1
421,8,4,99.21459080940338,1
421,3,11,96.24143135010581,1
421,3,12,96.24143135010581,1
421,3,13,96.24143135010581,1
421,4,14,96.24142301677247,1
421,4,15,96.24142301677247,1
422,1,4,109.5519103722079,2
422,1,13,109.58486779904864,1
422,1,14,109.58486779904864,1
422,2,14,102.93842108276903,1
