time,buyer,price,qty,seller
50,1,101.28860266134396,1,9
50,30,98.64499031581998,1,2
50,33,98.64499031581998,1,2
50,34,98.64499031581998,1,2
50,35,98.64499031581998,1,2
50,36,98.64499031581998,1,2
50,25,97.86323022889961,1,4
50,26,97.86323022889961,1,4
50,5,102.37773165772619,1,9
50,9,99.94836144342575,1,25
50,9,99.94836144342575,1,26
50,10,99.94834061009243,1,27
50,10,99.94834061009243,1,28
50,7,99.94832394342575,1,29
50,8,99.94832394342575,1,34
50,11,99.94831977675909,1,36
51,6,99.89942270082202,1,4
51,28,99.89614795449151,1,4
51,30,99.0003533029506,1,5
51,31,99.0003533029506,1,5
51,32,99.0003533029506,1,5
51,9,90.01591112179452,2,12
51,10,90.01589028846118,1,12
51,7,90.01587778846118,1,12
51,8,90.01587778846118,1,12
51,11,90.01587362179453,1,13
51,6,90.01586945512786,1,13
51,34,90.01262179213066,1,13
51,35,90.01262179213066,1,13
51,36,90.01262179213066,1,13
51,25,90.01256349424801,1,14
51,26,90.01256349424801,1,14
51,29,90.01256349424801,1,14
51,32,90.01256349424801,1,14
51,35,90.01256349424801,1,14
51,36,90.01256349424801,1,15
51,27,90.01233030271742,1,15
51,30,90.01233030271742,1,15
51,31,90.01233030271742,1,15
51,32,90.01233030271742,1,15
51,33,90.01233030271742,1,16
51,34,90.01233030271742,1,16
51,35,90.01233030271742,1,16
51,36,90.01233030271742,1,16
51,25,90.01139753659504,1,16
51,26,90.01139753659504,1,17
51,28,90.01139753659504,1,17
51,29,90.01139753659504,1,17
51,31,90.01139753659504,1,17
51,32,90.01139753659504,1,17
51,34,90.01139753659504,1,18
51,35,90.01139753659504,1,18
51,25,90.00681590112012,1,18
51,26,90.00681590112012,1,18
51,28,90.00681590112012,1,18
51,30,90.00681590112012,1,19
51,31,90.00681590112012,1,19
51,35,90.00681590112012,1,19
51,36,90.00681590112012,1,19
51,4,89.98305590557189,1,19
51,4,99.9154635188698,1,26
51,4,99.9154635188698,1,27
51,4,99.9154635188698,1,28
51,4,99.9154635188698,1,29
51,36,99.91541116648428,1,30
52,5,100.5974286262041,1,32
52,5,100.5974286262041,1,33
52,5,100.5974286262041,1,35
52,5,100.5974286262041,1,36
52,5,100.68070558199449,1,9
52,12,108.10338865374828,3,9
52,12,108.10340948708162,1,10
52,13,108.10340948708162,3,10
52,13,108.10342198708162,1,7
52,14,108.10342198708162,3,7
52,14,108.10342198708162,1,8
52,15,108.10342198708162,3,8
52,15,108.10342615374829,1,11
52,16,108.10342615374829,3,11
52,16,108.10343032041496,1,6
52,17,108.10343032041496,3,6
52,17,108.25887693971288,1,31
52,18,108.25887693971288,1,32
52,18,108.25887693971288,1,33
52,18,108.25887693971288,1,35
52,18,108.25887693971288,1,36
52,19,108.49327386948237,3,30
52,19,108.49327386948237,1,31
52,9,99.78973913132563,1,25
52,9,99.78973913132563,1,26
52,10,99.7897182979923,1,27
52,7,99.7897057979923,1,28
52,8,99.7897057979923,1,29
52,11,99.78970163132564,1,30
52,6,99.78969746465896,1,31
53,35,97.95286981128103,2,5
53,36,97.95286981128103,1,5
54,1,101.25639668690047,1,25
54,1,101.25639668690047,1,26
54,4,100.92221511783288,1,27
55,36,97.95097656633021,1,2
55,9,97.94038001921072,2,2
55,10,97.94036751921072,1,2
55,3,102.10561958849058,1,26
55,3,102.10561958849058,1,27
55,3,102.10561958849058,1,28
56,12,108.19815787131141,1,25
56,12,108.19815787131141,1,26
56,12,108.19815787131141,1,27
56,12,108.19815787131141,1,28
56,13,108.19815787131141,1,29
56,13,108.19815787131141,1,33
56,13,108.19815787131141,1,34
56,13,108.19815787131141,1,36
56,14,108.1989837850463,1,29
56,14,108.1989837850463,1,30
56,14,108.1989837850463,1,31
56,14,108.1989837850463,1,32
56,15,108.1989837850463,1,34
56,15,108.1989837850463,1,35
56,15,108.1989837850463,1,36
56,15,108.2022874399859,1,28
56,16,108.2022874399859,1,29
56,16,108.2022874399859,1,30
56,16,108.2022874399859,1,31
56,16,108.2022874399859,1,32
56,17,108.2022874399859,1,33
56,17,108.2022874399859,1,34
56,17,108.2022874399859,1,35
56,17,108.20469918214016,1,9
56,18,108.20469918214016,2,9
56,18,108.2047075154735,2,10
56,19,108.2047075154735,2,10
56,19,108.20471584880683,2,7
57,25,98.96912488874091,1,5
57,26,98.96912488874091,1,5
57,27,98.96912488874091,1,5
57,30,98.96912488874091,1,5
59,12,103.77699018323284,1,25
59,12,103.77699018323284,1,26
59,13,103.77699018323284,1,27
59,13,103.77699018323284,1,29
59,14,103.77699018323284,1,31
59,14,103.77699018323284,1,35
59,15,103.77699018323284,1,36
59,15,103.78875966767401,1,9
59,16,103.78875966767401,2,9
59,17,103.78876383434067,2,10
59,18,103.78876383434067,1,10
59,18,103.78878050100734,1,7
59,19,103.78878050100734,2,7
60,25,98.27399852951169,1,2
60,27,98.27399852951169,1,2
62,25,99.50295289284631,1,5
62,26,99.50295289284631,1,5
62,27,99.50295289284631,1,5
62,28,99.50295289284631,1,5
62,29,99.50295289284631,1,5
67,3,101.65416501684197,1,25
67,3,101.65416501684197,1,26
67,3,101.65416501684197,1,28
67,3,101.65416501684197,1,29
69,1,100.26530540621212,1,25
69,1,100.26530540621212,1,26
69,1,100.26530540621212,1,27
70,25,98.32404875775761,1,3
70,26,98.32404875775761,1,3
70,27,98.32404875775761,1,3
70,28,98.32404875775761,1,3
72,26,98.53916994808887,1,4
72,27,98.53916994808887,1,4
72,28,98.53916994808887,1,4
73,26,97.7347288598225,1,3
73,27,97.7347288598225,1,3
73,28,97.7347288598225,1,3
75,2,101.54571256832742,1,25
75,12,104.8209223241427,1,26
75,12,104.8209223241427,1,27
75,13,104.8209223241427,1,28
75,13,104.8209223241427,1,29
75,14,104.8209223241427,1,30
75,14,104.8209223241427,1,31
75,15,104.8209223241427,1,32
75,15,104.8209223241427,1,33
75,16,104.8209223241427,1,34
75,16,104.8209223241427,1,35
75,17,104.8209223241427,1,36
75,17,104.82092232449207,1,26
75,18,104.82092232449207,1,27
75,18,104.82092232449207,1,28
75,19,104.82092232449207,1,29
75,19,104.82092232449207,1,31
77,25,98.75810288331719,1,1
77,26,98.75810288331719,1,1
77,27,98.75810288331719,1,1
77,28,98.75810288331719,1,1
77,29,98.75810288331719,1,1
79,30,98.7828116350912,1,2
79,31,98.7828116350912,1,2
79,32,98.7828116350912,1,2
79,33,98.7828116350912,1,2
79,34,98.7828116350912,1,2
79,35,98.97096935186447,1,3
79,36,98.97096935186447,1,3
79,25,98.97096935182,1,3
79,26,98.97096935182,1,3
79,27,98.97096935182,1,3
81,25,99.74853786771402,1,1002
81,28,99.74853786771402,1,1002
81,30,99.74853786771402,1,1002
81,31,99.74853786771402,1,1002
81,32,99.74853786771402,1,1002
81,33,99.74853786771402,1,1002
81,34,99.74853786771402,1,1002
81,35,99.74853786771402,1,1003
81,36,99.74853786771402,1,1003
82,4,100.20526394117661,2,1003
82,25,99.7485107639523,1,1003
82,27,99.7485107639523,1,1003
82,28,99.7485107639523,1,1003
82,29,99.7485107639523,1,1003
82,30,99.7485107639523,1,1003
82,31,99.7485107639523,1,1003
82,32,99.7485107639523,1,1003
82,34,99.7485107639523,1,1003
82,36,99.7485107639523,1,1003
83,25,99.7485107639523,1,1003
83,26,99.7485107639523,1,1003
83,27,99.7485107639523,1,1003
83,28,99.7485107639523,1,1003
83,29,99.7485107639523,1,1003
83,30,99.7485107639523,1,1003
83,32,99.7485107639523,1,1003
83,33,99.7485107639523,1,1003
83,34,99.7485107639523,1,1003
83,36,99.7485107639523,1,1003
84,30,99.4000056170631,1,4
84,31,99.4000056170631,1,4
84,33,99.4000056170631,1,4
84,35,99.4000056170631,1,4
84,36,99.4000056170631,1,4
84,26,99.7485107639523,1,1003
84,28,99.7485107639523,1,1003
84,29,99.7485107639523,1,1003
84,30,99.7485107639523,1,1003
84,31,99.7485107639523,1,1003
84,32,99.7485107639523,1,1003
84,35,99.7485107639523,1,1003
86,26,99.74849685377106,1,1003
86,27,99.74849685377106,1,1003
86,30,99.74849685377106,1,1003
86,32,99.74849685377106,1,1004
86,35,99.74849685377106,1,1004
87,2,100.4306745932683,5,1004
87,26,98.7444373455047,1,3
87,27,98.7444373455047,1,3
87,29,98.7444373455047,1,3
87,30,98.7444373455047,1,3
87,32,98.7444373455047,1,3
87,25,99.74849685377106,1,1004
87,26,99.74849685377106,1,1004
87,27,99.74849685377106,1,1004
87,28,99.74849685377106,1,1004
87,30,99.74849685377106,1,1004
87,31,99.74849685377106,1,1004
87,32,99.74849685377106,1,1004
87,33,99.74849685377106,1,1004
87,34,99.74849685377106,1,1004
87,35,99.74849685377106,1,1004
88,33,98.68050235946833,1,2
88,34,98.68050235946833,1,2
88,35,98.68050235946833,1,2
88,36,98.68050235946833,1,2
88,28,98.17501767451739,1,4
88,29,98.17501767451739,1,4
88,30,98.17501767451739,1,4
88,32,98.17501767451739,1,4
88,25,99.74849685377106,1,1004
88,29,99.74849685377106,1,1004
88,31,99.74849685377106,1,1004
88,32,99.74849685377106,1,1004
88,33,99.74849685377106,1,1004
88,35,99.74849685377106,1,1004
89,34,99.44722402684437,1,3
89,35,97.67193541350761,1,4
89,36,97.67193541350761,1,4
89,31,97.66962026951937,1,4
89,32,97.66962026951937,1,4
89,12,109.72312292062448,5,1004
89,13,109.72312292062448,5,1004
89,14,109.72312292062448,2,1004
89,14,109.72312292062448,3,1005
89,15,109.72312292062448,5,1005
89,16,109.72312292062448,5,1005
89,17,109.72312292062448,5,1005
89,18,109.72312292062448,5,1005
89,19,109.72312292062448,5,1005
90,25,99.74849685377106,1,1005
90,26,99.74849685377106,1,1005
90,27,99.74849685377106,1,1005
90,28,99.74849685377106,1,1005
90,29,99.74849685377106,1,1005
90,31,99.74849685377106,1,1005
90,33,99.74849685377106,1,1006
90,36,99.74849685377106,1,1006
91,25,89.77354940285986,1,12
91,26,89.77354940285986,1,12
91,27,89.77354940285986,1,12
91,28,89.77354940285986,1,12
91,29,89.77354940285986,1,12
91,31,89.77354940285986,1,13
91,32,89.77354940285986,1,13
91,33,89.77354940285986,1,13
91,34,89.77354940285986,1,13
91,35,89.77354940285986,1,13
91,36,89.77354940285986,1,14
91,33,89.77094209154635,1,14
91,34,89.77094209154635,1,14
91,35,89.77094209154635,1,14
91,9,89.76107309741244,1,14
91,9,89.76107309741244,1,15
91,10,89.76106893074578,2,15
91,7,89.7610522640791,2,15
91,8,89.76103143074577,1,16
91,11,89.7610272640791,1,16
91,6,89.76102309741245,1,16
91,5,89.67102849201783,1,16
91,4,89.52975687152359,1,16
91,4,89.52975687152359,3,17
91,2,89.43129657185847,2,17
91,2,89.43129657185847,1,18
91,27,89.39348784293428,4,18
91,27,89.39348784293428,5,19
91,25,99.74849685377106,1,1006
91,26,99.74849685377106,1,1006
91,28,99.74849685377106,1,1006
91,30,99.74849685377106,1,1006
91,31,99.74849685377106,1,1006
91,32,99.74849685377106,1,1006
91,35,99.74849685377106,1,1006
91,36,99.74849685377106,1,1006
92,1,101.29213255279248,2,1006
92,25,99.47593532260763,1,9
92,26,99.47593532260763,1,9
92,27,99.47593532260763,1,9
92,28,99.47593948927428,1,10
92,29,99.47593948927428,1,10
92,30,99.47593948927428,1,10
92,31,99.47595615594095,1,7
92,32,99.47595615594095,1,7
92,34,99.47595615594095,1,7
92,35,99.47597282260762,1,8
93,9,99.07874300939287,2,2
93,10,99.07873884272621,2,2
93,7,99.07872217605954,1,2
93,7,98.06989973788478,1,5
93,8,98.06988307121811,1,5
93,11,98.06987890455144,1,5
93,6,98.06987473788479,1,5
93,25,99.47595928094096,1,9
93,26,99.47595928094096,1,9
93,27,99.47595928094096,1,9
93,28,99.47596344760763,1,10
93,29,99.47596344760763,1,10
93,30,99.47596344760763,1,10
93,31,99.47598011427428,1,7
93,32,99.47598011427428,1,7
93,33,99.47598011427428,1,7
93,34,99.47600094760762,1,8
93,35,99.47600094760762,1,8
93,36,99.47600094760762,1,8
94,3,101.24041572020322,1,8
94,3,101.24042405353654,3,11
94,25,99.47597803094096,1,9
94,26,99.47597803094096,1,9
94,29,99.47597803094096,1,9
94,30,99.47598219760764,1,10
94,31,99.47598219760764,1,10
94,32,99.47598219760764,1,10
94,33,99.47599886427429,1,7
94,34,99.47599886427429,1,7
94,35,99.47599886427429,1,7
94,36,99.47601553094097,1,8
95,25,99.47601448927429,1,7
95,26,99.47601448927429,1,7
95,27,99.47601448927429,1,7
95,29,99.47601448927429,1,10
95,30,99.47601448927429,1,10
95,31,99.47601865594095,1,9
95,33,99.47601865594095,1,9
95,34,99.47603948927429,1,8
95,36,99.47603948927429,1,8
96,5,99.79644052898814,1,8
96,5,99.79645719565481,1,11
96,27,99.47602907260762,1,7
96,28,99.47602907260762,1,7
96,31,99.47604157260761,1,10
96,32,99.47604157260761,1,10
96,33,99.47604573927428,1,8
96,34,99.47604573927428,1,8
96,35,99.47604573927428,1,8
97,26,99.47604573927428,1,8
97,27,99.47604573927428,1,8
97,28,99.47604573927428,1,8
97,30,99.47604990594095,1,7
97,31,99.47604990594095,1,7
97,33,99.47605823927428,1,9
97,34,99.47605823927428,1,9
97,35,99.47606240594095,1,10
98,3,100.29975961975552,1,10
98,25,99.47605407260761,1,8
98,26,99.47605407260761,1,8
98,27,99.47607073927429,1,7
98,29,99.47607073927429,1,7
98,30,99.47607907260762,1,9
98,31,99.47607907260762,1,9
98,33,99.47608323927429,1,10
98,34,99.47608323927429,1,10
98,35,99.47609573927429,1,11
98,36,99.47609573927429,1,11
99,1,99.43349724943893,2,11
99,1,99.43351808277225,3,6
99,8,97.90340837386384,1,2
99,5,101.54588210305987,1,6
99,5,101.72329074424191,4,1006
99,8,99.32504433538782,1,25
99,8,99.32504433538782,1,26
99,8,99.32504433538782,1,27
99,7,99.32502350205448,1,29
99,7,99.32502350205448,1,30
99,7,99.32502350205448,1,31
99,11,99.32502350205448,1,32
99,11,99.32502350205448,1,33
99,9,99.32501516872114,1,35
99,9,99.32501516872114,1,36
100,8,99.32502662705448,1,26
100,8,99.32502662705448,1,27
100,7,99.32501412705449,1,28
100,7,99.32501412705449,1,30
100,7,99.32501412705449,1,33
100,9,99.32500162705449,1,34
100,9,99.32500162705449,1,35
100,9,99.32500162705449,1,36
101,7,99.32500162705449,1,25
101,7,99.32500162705449,1,26
101,7,99.32500162705449,1,28
101,8,99.32499329372115,1,29
101,8,99.32499329372115,1,30
101,9,99.32498912705448,1,31
101,9,99.32498912705448,1,33
101,9,99.32498912705448,1,34
101,11,99.32496829372116,1,35
101,11,99.32496829372116,1,36
102,2,100.99812838982152,4,1001
102,9,99.31555787705449,1,26
102,9,99.31555787705449,1,27
102,9,99.31555787705449,1,28
102,7,99.3155537103878,1,29
102,7,99.3155537103878,1,30
102,8,99.3155412103878,1,32
102,8,99.3155412103878,1,33
102,10,99.31552037705448,1,34
102,10,99.31552037705448,1,35
102,10,99.31552037705448,1,36
103,3,99.9822656342509,1,1001
103,9,99.31083183538783,1,27
103,9,99.31083183538783,1,28
103,7,99.31082350205449,1,29
103,7,99.31082350205449,1,32
103,8,99.31081100205449,1,34
103,8,99.31081100205449,1,35
103,10,99.31081100205449,1,36
104,9,99.30847193955448,1,25
104,9,99.30847193955448,1,26
104,7,99.30846360622115,1,27
104,7,99.30846360622115,1,28
104,10,99.30846360622115,1,29
104,10,99.30846360622115,1,30
104,10,99.30846360622115,1,32
104,8,99.30845110622116,1,34
104,8,99.30845110622116,1,35
104,11,99.30844277288782,1,36
105,2,99.38402229324375,1,1001
105,6,97.8708670981753,1,3
105,4,97.72079013219485,2,3
105,10,99.30728469997115,1,25
105,10,99.30728469997115,1,26
105,10,99.30728469997115,1,29
105,9,99.30727219997115,1,33
105,9,99.30727219997115,1,34
105,7,99.30726386663781,1,36
106,2,101.36886743073828,1,1001
106,5,101.2674648251595,2,1001
106,10,99.30671399684616,1,25
106,10,99.30671399684616,1,26
106,10,99.30671399684616,1,28
106,9,99.30668066351282,1,29
106,9,99.30668066351282,1,30
106,7,99.30667649684617,1,31
106,7,99.30667649684617,1,32
106,8,99.30666816351282,1,35
106,11,99.30666399684617,1,36
107,10,99.30639427028365,1,25
107,10,99.30639427028365,1,26
107,9,99.30636510361698,1,27
107,9,99.30636510361698,1,29
107,7,99.30636093695031,1,30
107,8,99.30635677028366,1,31
107,6,99.30635260361697,1,32
107,11,99.30635260361697,1,33
108,4,96.96623361706581,1,2
108,25,99.19189008423999,1,10
108,26,99.19189008423999,1,10
108,27,99.19189008423999,1,10
108,28,99.19191925090666,1,7
108,29,99.19191925090666,1,7
108,30,99.19191925090666,1,7
108,31,99.19191925090666,1,7
108,33,99.19191925090666,1,9
108,34,99.19191925090666,1,9
108,35,99.19191925090666,1,9
108,36,99.19191925090666,1,9
109,25,99.19190258424001,1,10
109,28,99.19190258424001,1,10
109,29,99.19190258424001,1,10
109,30,99.19192758424,1,7
109,31,99.19192758424,1,7
109,32,99.19192758424,1,7
109,33,99.19192758424,1,9
109,34,99.19192758424,1,9
109,35,99.19192758424,1,9
110,5,99.71752913224611,1,8
110,12,109.086025714421,2,10
110,12,109.08604238108768,3,7
110,13,109.08604238108768,3,9
110,13,109.08607154775433,2,8
110,14,109.08607154775433,2,8
110,14,109.08607988108767,3,6
110,15,109.08607988108767,1,6
110,15,109.08607988108767,4,11
110,16,109.1271465773865,2,2
110,16,109.14169602685847,1,34
110,16,109.14169602685847,1,35
110,16,109.14169602685847,1,36
110,17,109.17885632629734,5,1001
110,18,109.17885632629734,5,1001
110,19,109.17885632629734,5,1001
112,2,99.53936530151701,2,7
114,12,99.696630378506,1,25
114,13,99.696630378506,1,26
114,14,99.696630378506,1,28
114,15,99.696630378506,1,29
114,16,99.696630378506,1,30
114,17,99.696630378506,1,31
114,18,99.696630378506,1,33
114,19,99.696630378506,1,35
115,25,98.21675497286918,1,4
115,27,98.21675497286918,1,4
115,28,98.21675497286918,1,4
115,30,97.7437991887439,1,5
115,31,97.7437991887439,1,5
115,32,97.7437991887439,1,5
115,33,97.7437991887439,1,5
115,34,97.7437991887439,1,5
116,35,99.23059628428736,1,3
116,36,99.23059628428736,1,3
116,25,99.22985710026832,1,3
117,26,98.92480974378499,1,2
117,28,98.92480974378499,1,2
117,29,98.92480974378499,1,2
117,32,98.92480974378499,1,2
117,34,98.92480974378499,1,2
117,35,97.00831858422765,1,3
117,25,97.00536184815147,1,3
119,12,107.3013444466671,1,26
119,12,107.3013444466671,1,27
119,12,107.3013444466671,1,28
119,12,107.3013444466671,1,29
119,13,107.3013444466671,1,30
119,13,107.3013444466671,1,31
119,13,107.3013444466671,1,33
119,13,107.3013444466671,1,34
119,14,107.3013444466671,1,36
119,14,107.30163170850588,1,26
119,14,107.30163170850588,1,27
119,14,107.30163170850588,1,29
119,15,107.30163170850588,1,30
119,15,107.30163170850588,1,33
119,15,107.30163170850588,1,34
119,15,107.30163170850588,1,35
119,16,107.30280775345604,1,26
119,16,107.30280775345604,1,27
119,16,107.30280775345604,1,30
119,16,107.30280775345604,1,31
119,17,107.30280775345604,1,33
119,17,107.30280775345604,1,34
119,17,107.30751193325668,2,20
119,18,107.30751193325668,2,21
119,18,107.30751193325668,2,22
119,19,107.30751193325668,2,23
119,19,107.30751193325668,2,24
120,4,100.31511601811374,3,7
120,4,100.31512435144708,2,9
121,3,101.13952892397901,3,1001
122,25,89.3203012943016,1,12
122,26,89.3203012943016,1,12
122,27,89.3203012943016,1,12
122,28,89.3203012943016,1,12
122,29,89.3203012943016,1,12
122,30,89.3203012943016,1,13
122,31,89.3203012943016,1,13
122,33,89.3203012943016,1,13
122,34,89.3203012943016,1,13
122,36,89.3203012943016,1,13
122,26,89.32018156435778,1,14
122,27,89.32018156435778,1,14
122,28,89.32018156435778,1,14
122,29,89.32018156435778,1,14
122,32,89.32018156435778,1,14
122,33,89.32018156435778,1,15
122,34,89.32018156435778,1,15
122,35,89.32018156435778,1,15
122,36,89.32018156435778,1,15
122,26,89.31645864666751,1,15
122,29,89.31645864666751,1,16
122,30,89.31645864666751,1,16
122,31,89.31645864666751,1,16
122,32,89.31645864666751,1,16
122,33,89.31645864666751,1,16
122,34,89.31645864666751,1,17
122,9,89.30819865727594,3,17
122,7,89.30818615727594,1,17
122,7,89.30818615727594,2,18
122,10,89.30818615727594,3,18
122,8,89.3081653239426,2,19
122,6,89.30815699060928,2,19
122,11,89.30815699060928,1,19
123,11,98.97799744715346,1,1
123,25,98.96848394377605,1,1
123,27,98.96848394377605,1,1
123,28,98.96848394377605,1,1
123,29,98.96848394377605,1,1
123,5,100.0597262424171,1,25
123,5,100.0597262424171,1,26
127,25,98.8613720204882,1,2
127,26,98.8613720204882,1,2
127,27,98.8613720204882,1,2
127,29,98.8613720204882,1,2
128,25,99.02814494784772,1,12
128,26,99.02814494784772,1,13
128,29,99.02814494784772,1,14
128,31,99.02814494784772,1,15
128,32,99.02814494784772,1,16
128,33,99.02814494784772,1,17
128,30,99.02804468271918,1,18
128,31,99.02804468271918,1,19
129,25,98.72963853728709,1,5
129,26,98.72963853728709,1,5
129,27,98.72963853728709,1,5
130,12,99.98309075242338,1,25
130,13,99.98309075242338,1,27
130,14,99.98309075242338,1,28
130,15,99.98309075242338,1,29
130,16,99.98309075242338,1,30
130,17,99.98309075242338,1,31
130,18,99.98309075242338,1,32
130,19,99.98309075242338,1,33
131,26,97.57995019603706,1,5
131,27,97.57995019603706,1,5
131,29,97.57995019603706,1,5
132,4,101.6443146862724,1,25
133,4,101.71488983233704,1,25
133,4,101.71488983233704,1,26
133,4,101.71488983233704,1,28
134,1,100.0747273324204,1,29
134,1,100.0747273324204,1,30
134,12,109.16892146915836,1,32
134,12,109.16892146915836,1,33
134,12,109.16892146915836,1,34
134,12,109.16892146915836,1,35
134,12,109.16892199375822,1,26
134,13,109.16892199375822,1,27
134,13,109.16892199375822,1,28
134,13,109.16892199375822,1,29
134,13,109.16892199375822,1,30
134,13,109.16892199375822,1,33
134,14,109.16892199375822,1,36
134,14,109.16892409215768,1,34
134,14,109.16892409215768,1,35
134,14,109.16892409215768,1,36
134,14,109.16893582029235,1,25
134,15,109.16893582029235,1,26
134,15,109.16893582029235,1,29
134,15,109.16893582029235,1,30
134,15,109.16893582029235,1,31
134,15,109.16893582029235,1,32
134,16,109.16893582029235,1,33
134,16,109.16893582029235,1,34
134,16,109.16893582029235,1,36
134,16,109.16910806424173,1,27
134,16,109.16910806424173,1,29
134,17,109.16910806424173,1,33
134,17,109.16910806424173,1,35
134,17,109.1696921300822,1,25
134,17,109.1696921300822,1,27
134,17,109.1696921300822,1,28
134,18,109.1696921300822,1,29
134,18,109.1696921300822,1,31
134,18,109.1696921300822,1,33
134,18,109.17041289878878,2,1001
134,19,109.17041289878878,5,1001
135,4,99.45408708301524,1,25
135,4,99.45408708301524,1,26
137,25,97.57443902806463,1,2
137,26,97.57443902806463,1,2
138,27,98.69397298274683,1,5
138,28,98.69397298274683,1,5
138,29,98.69397298274683,1,5
138,32,98.69397298274683,1,5
138,33,98.69397298274683,1,5
138,12,101.1782184117937,1,25
138,13,101.1782184117937,1,26
138,14,101.1782184117937,1,27
138,15,101.1782184117937,1,28
138,16,101.1782184117937,1,29
138,17,101.1782184117937,1,31
138,18,101.1782184117937,1,32
138,19,101.1782184117937,1,33
139,34,96.91210613418372,1,2
139,5,99.49340076236916,1,25
139,5,99.49340076236916,1,27
139,5,99.49340076236916,1,28
139,5,99.49340076236916,1,29
139,5,99.49340076236916,1,30
140,25,99.00300585906552,1,1
140,27,99.00300585906552,1,1
140,28,99.00300585906552,1,1
140,29,99.00300585906552,1,1
140,30,99.00300585906552,1,1
140,31,97.44293833570168,1,4
140,32,97.44293833570168,1,4
141,32,96.93603653832648,1,5
141,12,109.16887131062094,1,1001
141,12,109.16887131062094,4,1002
141,13,109.16887131062094,5,1002
141,14,109.16887131062094,5,1002
141,15,109.16887131062094,5,1002
141,16,109.16887131062094,5,1002
141,17,109.16887131062094,5,1002
141,18,109.16887131062094,2,1002
141,18,109.16887131062094,3,1003
141,19,109.16887131062094,5,1003
141,28,99.24442391877025,1,1003
141,30,99.24442391877025,1,1003
141,31,99.24442391877025,1,1003
141,32,99.24442391877025,1,1003
141,33,99.24442391877025,1,1003
141,34,99.24442391877025,1,1003
141,35,99.24442391877025,1,1003
141,36,99.24442391877025,1,1003
142,3,99.5334554614827,3,1003
142,27,99.24437920198244,1,1003
142,29,99.24437920198244,1,1003
142,32,99.24437920198244,1,1003
142,35,99.24437920198244,1,1003
143,33,97.72593855236752,1,5
143,35,97.72593855236752,1,5
143,36,97.72593855236752,1,5
143,25,99.24437920198244,1,1003
143,26,99.24437920198244,1,1003
143,28,99.24437920198244,1,1003
143,30,99.24437920198244,1,1003
143,32,99.24437920198244,1,1003
143,33,99.24437920198244,1,1003
143,35,99.24437920198244,1,1003
143,36,99.24437920198244,1,1003
144,3,100.42949916709776,2,1003
145,26,89.31974326683999,1,12
145,27,89.31974326683999,1,12
145,29,89.31974326683999,1,12
145,31,89.31974326683999,1,12
145,32,89.31974326683999,1,12
145,33,89.31974326683999,1,13
145,34,89.31974326683999,1,13
145,36,89.31974326683999,1,13
145,27,89.31922913810493,1,13
145,29,89.31922913810493,1,13
145,30,89.31922913810493,1,14
145,32,89.31922913810493,1,14
145,33,89.31922913810493,1,14
145,34,89.31922913810493,1,14
145,36,89.31922913810493,1,14
145,26,89.31693592025059,1,15
145,27,89.31693592025059,1,15
145,28,89.31693592025059,1,15
145,29,89.31693592025059,1,15
145,30,89.31693592025059,1,15
145,31,89.31693592025059,1,16
145,32,89.31693592025059,1,16
145,34,89.31693592025059,1,16
145,35,89.31693592025059,1,16
145,36,89.31693592025059,1,16
145,7,89.30731228827989,3,17
145,10,89.30731228827989,2,17
145,10,89.30731228827989,1,18
145,9,89.30729978827989,2,18
145,8,89.30727062161321,2,18
145,6,89.30726228827989,1,19
145,11,89.30726228827989,1,19
145,30,89.29824954545586,1,19
145,33,89.29824954545586,1,19
145,34,89.29824954545586,1,19
146,29,97.17708133309654,1,1
146,32,97.17708133309654,1,1
146,33,97.17708133309654,1,1
146,25,99.24439654109625,1,1003
146,26,99.24439654109625,1,1003
146,29,99.24439654109625,1,1003
146,30,99.24439654109625,1,1004
146,31,99.24439654109625,1,1004
146,33,99.24439654109625,1,1004
146,35,99.24439654109625,1,1004
146,36,99.24439654109625,1,1004
147,25,99.24439654109625,1,1004
147,26,99.24439654109625,1,1004
147,28,99.24439654109625,1,1004
147,30,99.24439654109625,1,1004
147,31,99.24439654109625,1,1004
147,33,99.24439654109625,1,1004
147,35,99.24439654109625,1,1004
148,25,99.24439654109625,1,1004
148,26,99.24439654109625,1,1004
148,27,99.24439654109625,1,1004
148,28,99.24439654109625,1,1004
148,29,99.24439654109625,1,1004
148,31,99.24439654109625,1,1004
148,32,99.24439654109625,1,1004
148,33,99.24439654109625,1,1004
148,34,99.24439654109625,1,1004
148,36,99.24439654109625,1,1004
149,25,99.5513454753106,6,1004
149,26,99.5513454753106,6,1004
149,28,99.5513454753106,4,1004
149,28,99.5513454753106,2,1005
149,29,99.5513454753106,6,1005
149,30,99.5513454753106,6,1005
149,31,99.5513454753106,6,1005
149,35,99.5513454753106,6,1005
149,36,99.5513454753106,6,1005
150,1,100.76199350110781,5,1005
150,34,98.16834524142354,1,5
150,35,98.16834524142354,1,5
150,36,98.16834524142354,1,5
150,7,98.15583749677154,2,5
150,25,99.5513454753106,6,1006
150,26,99.5513454753106,6,1006
150,28,99.5513454753106,6,1006
150,29,99.5513454753106,6,1006
150,30,99.5513454753106,6,1006
150,32,99.5513454753106,6,1006
150,34,99.5513454753106,6,1006
150,35,99.5513454753106,2,1006
150,35,99.55139547536814,1,27
150,35,99.55139547536814,1,28
150,35,99.55139547536814,1,30
150,36,99.55139547536814,1,35
151,10,96.95403619501391,2,1
151,25,99.54828103921953,1,36
151,25,99.54828103935395,1,32
151,25,99.54828103935395,1,33
151,25,99.54828103935395,1,34
151,25,99.54828103935395,1,35
151,25,99.54828104035204,1,34
151,26,99.54828104035204,1,35
151,26,99.54828104035204,1,36
151,26,99.54828104434438,1,25
151,27,99.54828104434438,1,26
151,28,99.54828104434438,1,27
151,28,99.54828104434438,1,31
151,28,99.54828104434438,1,32
151,28,99.54828104434438,1,33
151,28,99.54828104434438,1,34
151,28,99.54828104434438,1,35
151,30,99.54828106031374,1,27
151,30,99.54828106031374,1,29
151,31,99.54828106031374,1,30
151,31,99.54828106031374,1,33
151,31,99.54828106031374,1,36
151,31,99.54977257662306,3,1001
151,32,99.54977257662306,6,1001
151,34,99.54977257662306,6,1001
151,35,99.54977257662306,6,1002
152,26,99.5485861595663,6,1002
152,27,99.5485861595663,6,1002
152,28,99.5485861595663,6,1002
152,29,99.5485861595663,6,1002
152,30,99.5485861595663,1,1002
152,30,99.5485861595663,5,1003
152,32,99.5485861595663,6,1003
152,33,99.5485861595663,6,1003
152,34,99.5485861595663,6,1003
152,36,99.5485861595663,6,1003
153,25,99.54799295103791,6,1003
153,26,99.54799295103791,6,1004
153,27,99.54799295103791,6,1004
153,28,99.54799295103791,6,1004
153,29,99.54799295103791,6,1004
153,31,99.54799295103791,6,1004
153,32,99.54799295103791,6,1004
153,34,99.54799295103791,1,1004
153,34,99.54799295103791,5,1005
153,35,99.54799295103791,6,1005
154,4,99.73707496927727,2,1005
154,25,99.54786683374496,6,1005
154,26,99.54786683374496,6,1005
154,28,99.54786683374496,6,1005
154,30,99.54786683374496,6,1005
154,31,99.54786683374496,6,1006
154,32,99.54786683374496,6,1006
154,33,99.54786683374496,6,1006
154,34,99.54786683374496,6,1006
154,35,99.54786683374496,6,1006
154,36,99.54786683374496,6,1006
155,28,99.54786683374496,6,1006
155,29,99.54786683374496,2,1006
155,29,99.5488010162158,3,7
155,29,99.5488010162158,1,9
155,32,99.5488010162158,2,9
155,32,99.5488010162158,3,10
155,32,99.54883018288247,1,8
155,33,99.54883018288247,3,8
155,33,99.54883434954914,3,6
155,34,99.54883434954914,1,6
155,34,99.54883434954914,4,11
155,34,99.54948232840022,1,25
155,35,99.54948232840022,1,26
155,35,99.54948232840022,1,27
155,35,99.54948232840022,1,28
155,35,99.54948232840022,1,29
155,35,99.54948232840022,1,30
155,35,99.54948232840022,1,31
155,36,99.54948232840022,1,32
155,36,99.54948232840022,1,33
155,36,99.54948232840022,1,34
155,36,99.54948232840022,1,35
156,5,100.90525059246553,1,36
156,35,89.29091486974873,1,12
156,36,89.29091486974873,1,12
156,7,89.29080093460553,2,12
156,9,89.29080093460553,1,12
156,9,89.29080093460553,1,13
156,10,89.29080093460553,2,13
156,8,89.29077593460553,2,13
156,6,89.29077176793885,2,14
156,11,89.29077176793885,2,14
156,3,89.28136574441466,1,14
156,4,89.20097945966614,1,15
156,27,89.18447799279787,1,15
156,28,89.18447799279787,3,15
156,28,89.18447799279787,5,16
156,28,89.18447799279787,2,17
156,31,89.18447799279787,3,17
156,31,89.18447799279787,5,18
156,31,89.18447799279787,2,19
156,32,89.18447799279787,3,19
156,25,99.55000013720725,3,7
156,25,99.55000013720725,3,9
156,26,99.55000013720725,3,10
156,26,99.55002513720724,3,8
156,27,99.55002930387391,3,6
156,27,99.55002930387391,3,11
156,28,99.58866046399294,2,20
156,28,99.58866046399294,2,21
156,28,99.58866046399294,2,22
156,30,99.58866046399294,2,23
156,30,99.58866046399294,2,24
156,30,99.59040463714183,2,20
156,31,99.59040463714183,2,21
156,31,99.59040463714183,2,22
156,31,99.59040463714183,2,23
156,32,99.59040463714183,2,24
156,32,99.59457984961745,2,20
156,32,99.59457984961745,2,21
156,33,99.59457984961745,2,22
156,33,99.59457984961745,2,23
156,33,99.59457984961745,2,24
156,34,99.59499565928621,2,20
156,34,99.59499565928621,2,21
156,34,99.59499565928621,2,22
156,35,99.59499565928621,2,23
156,35,99.59499565928621,2,24
156,35,99.59605969602356,2,20
157,32,98.81406110407494,1,1
157,26,99.50479843329708,3,7
157,26,99.50479843329708,3,9
157,27,99.50479843329708,3,10
157,27,99.50482343329708,3,8
157,29,99.50482759996373,3,6
157,29,99.50482759996373,3,11
157,31,99.58099385027572,2,21
157,31,99.58099385027572,2,22
157,31,99.58099385027572,2,23
157,32,99.58099385027572,2,24
157,32,99.58104789946101,2,20
157,32,99.58104789946101,2,21
157,33,99.58104789946101,2,22
157,33,99.58104789946101,2,23
157,33,99.58104789946101,2,24
157,34,99.58107756907448,2,20
157,34,99.58107756907448,2,21
157,34,99.58107756907448,2,22
157,35,99.58107756907448,2,23
157,35,99.58107756907448,2,24
157,35,99.58127829986184,2,20
157,36,99.58127829986184,2,21
157,36,99.58127829986184,2,22
157,36,99.58127829986184,2,23
158,25,99.56216249988732,2,7
158,25,99.56216249988732,2,9
158,25,99.56216249988732,2,10
158,26,99.56217083322065,3,8
158,26,99.56217499988732,3,6
158,27,99.56217499988732,3,11
158,27,99.60039826650302,2,24
158,27,99.60040756544976,1,20
158,28,99.60040756544976,1,20
158,28,99.60040756544976,2,21
158,28,99.60040756544976,2,22
158,28,99.60040756544976,1,23
158,29,99.60040756544976,1,23
158,29,99.60040756544976,2,24
158,29,99.60044844919986,2,20
158,29,99.60044844919986,1,21
158,32,99.60044844919986,1,21
158,32,99.60044844919986,2,22
158,32,99.60044844919986,2,23
158,32,99.60044844919986,1,24
158,33,99.60044844919986,1,24
158,33,99.6004844745997,2,20
158,33,99.6004844745997,2,21
158,33,99.6004844745997,1,22
158,34,99.6004844745997,1,22
158,34,99.6004844745997,2,23
158,34,99.6004844745997,2,24
158,34,99.60055134000005,1,20
158,35,99.60055134000005,1,20
158,35,99.60055134000005,2,21
158,35,99.60055134000005,2,22
158,35,99.60055134000005,1,23
159,25,99.5909499633052,3,8
159,25,99.59095412997186,2,6
159,26,99.59095412997186,1,6
159,26,99.59095412997186,3,11
159,26,99.5909624633052,1,7
159,27,99.5909624633052,1,7
159,27,99.5909624633052,2,9
159,27,99.5909624633052,2,10
159,28,99.61014855002824,1,23
159,28,99.61014855002824,2,24
159,28,99.61042651701455,2,20
159,29,99.61042651701455,2,21
159,29,99.61042651701455,2,22
159,29,99.61042651701455,1,23
159,30,99.61042651701455,1,23
159,30,99.61042651701455,2,24
159,30,99.61050745148833,2,20
159,32,99.61050745148833,2,21
159,32,99.61050745148833,2,22
159,32,99.61050745148833,1,23
159,33,99.61050745148833,1,23
159,33,99.61050745148833,2,24
159,33,99.61072364822947,2,20
159,34,99.61072364822947,2,21
159,34,99.61072364822947,2,22
159,34,99.61072364822947,1,23
159,35,99.61072364822947,1,23
159,35,99.61072364822947,2,24
159,35,99.61159581682716,2,20
160,8,97.24605800506815,2,2
160,6,97.24605383840148,1,2
160,27,99.60643018678,3,6
160,27,99.60643018678,2,8
160,28,99.60643018678,1,8
160,28,99.60643435344667,2,11
160,28,99.60645518678,2,7
160,29,99.60645518678,2,9
160,29,99.60645518678,2,10
160,29,99.61675728020765,1,21
160,30,99.61675728020765,1,21
160,30,99.61675728020765,2,22
160,30,99.61675728020765,2,23
160,31,99.61675728020765,2,24
160,31,99.61823955360018,2,20
160,31,99.61823955360018,1,21
160,32,99.61823955360018,1,21
160,32,99.61823955360018,2,22
160,32,99.61823955360018,2,23
160,33,99.61823955360018,2,24
160,33,99.62143447945807,2,20
160,33,99.62143447945807,1,21
161,6,97.38126990868679,3,1
161,8,97.38126990868679,2,1
161,25,99.60513340628856,5,1001
161,26,99.60513340628856,5,1001
161,27,99.60513340628856,5,1001
161,28,99.60513340628856,5,1001
161,31,99.60513340628856,5,1001
161,32,99.60513340628856,5,1002
161,33,99.60513340628856,5,1002
161,34,99.60513340628856,5,1002
161,36,99.60513340628856,5,1002
162,6,97.31833176804462,3,1
162,3,101.4288615771607,3,1002
162,8,98.38727402096939,1,12
162,8,98.38727402096939,1,13
162,8,98.38727402096939,1,14
162,6,98.38726568763605,1,15
162,6,98.38726568763605,1,16
162,11,98.38726568763605,1,17
162,11,98.38726568763605,1,18
162,11,98.38726568763605,1,19
162,25,99.60199590628855,5,1002
162,26,99.60199590628855,3,1002
162,26,99.60199590628855,2,1003
162,27,99.60199590628855,5,1003
162,28,99.60199590628855,5,1003
162,29,99.60199590628855,5,1003
162,30,99.60199590628855,5,1003
162,31,99.60199590628855,5,1003
162,32,99.60199590628855,5,1003
162,33,99.60199590628855,4,1003
162,33,99.60199590628855,1,1004
162,34,99.60199590628855,5,1004
162,35,99.60199590628855,5,1004
163,25,99.60041882295522,5,1004
163,26,99.60041882295522,5,1004
163,27,99.60041882295522,5,1004
163,28,99.60041882295522,5,1004
163,29,99.60041882295522,5,1004
163,30,99.60041882295522,2,1004
163,30,99.60041882295522,3,1005
163,32,99.60041882295522,5,1005
163,33,99.60041882295522,5,1005
163,35,99.60041882295522,5,1005
164,4,101.43818907728229,2,1005
164,11,98.83715501628453,3,5
164,25,99.59963861462188,5,1005
164,27,99.59963861462188,5,1005
164,28,99.59963861462188,5,1005
164,30,99.59963861462188,2,1005
164,30,99.59963861462188,3,1006
164,31,99.59963861462188,5,1006
164,32,99.59963861462188,5,1006
164,33,99.59963861462188,5,1006
164,35,99.59963861462188,5,1006
165,12,104.56346091390158,2,1006
165,13,104.56346091390158,2,1006
165,14,104.56346091390158,2,1006
165,15,104.56346091390158,2,1006
165,16,104.56346091390158,2,1006
165,17,104.56346091390158,2,1006
165,18,104.56346091390158,2,1006
165,19,104.56346091390158,2,1006
165,25,99.59924642712188,5,1006
165,27,99.60003080212189,3,8
165,27,99.60003496878855,2,11
165,28,99.60003496878855,1,11
165,28,99.60004330212189,3,6
165,28,99.60005580212189,1,7
165,30,99.60005580212189,1,7
165,30,99.60005580212189,2,9
165,30,99.60005580212189,2,10
165,32,99.61929857346092,1,21
165,32,99.61929857346092,2,22
165,32,99.61929857346092,2,23
165,34,99.61929857346092,2,24
165,34,99.62542730821986,1,1001
165,34,99.62542730821986,2,1002
165,35,99.62542730821986,5,1002
166,5,101.14514403986989,2,1002
166,25,99.61906984836202,3,11
166,25,99.61907401502869,2,8
166,26,99.61907818169536,3,6
166,26,99.61911151502869,2,7
166,27,99.61911151502869,2,9
166,27,99.61911151502869,2,10
166,27,99.63177643474434,1,1002
166,28,99.63177643474434,5,1002
166,29,99.63177643474434,5,1002
166,30,99.63177643474434,5,1002
166,31,99.63177643474434,5,1002
166,32,99.63177643474434,1,1002
166,32,99.63177643474434,4,1003
166,33,99.63177643474434,5,1003
166,35,99.63177643474434,5,1003
166,36,99.63177643474434,5,1003
167,5,99.48940325754779,1,1003
167,25,99.62860395481542,2,6
167,25,99.62861228814876,2,8
167,25,99.62861228814876,1,11
167,26,99.62861228814876,1,11
167,26,99.62864978814875,1,7
167,26,99.62864978814875,1,9
167,26,99.62864978814875,1,10
167,26,99.63495308133992,1,1003
167,27,99.63495308133992,5,1003
167,28,99.63495308133992,5,1003
167,29,99.63495308133992,4,1003
167,29,99.63495308133992,1,1004
167,30,99.63495308133992,5,1004
167,31,99.63495308133992,5,1004
167,32,99.63495308133992,5,1004
167,34,99.63495308133992,5,1004
167,36,99.63495308133992,5,1004
168,26,99.63337413304212,2,6
168,26,99.63338246637545,2,8
168,26,99.63338246637545,1,11
168,27,99.63338246637545,1,11
168,27,99.63341579970879,1,7
168,27,99.63341579970879,1,9
168,27,99.63341579970879,1,10
168,27,99.63654036297103,1,1004
168,28,99.63654036297103,5,1004
168,29,99.63654036297103,5,1004
168,30,99.63654036297103,5,1005
168,32,99.63654036297103,5,1005
168,34,99.63654036297103,5,1005
168,35,99.63654036297103,5,1005
168,36,99.63654036297103,5,1005
169,25,99.63575713882216,2,6
169,25,99.63576547215548,2,8
169,25,99.63576547215548,1,11
169,26,99.63576547215548,1,11
169,26,99.63579463882215,1,7
169,26,99.63579463882215,1,9
169,26,99.63579463882215,1,10
169,26,99.63733192045328,1,1005
169,27,99.63733192045328,5,1005
169,28,99.63733192045328,5,1005
169,29,99.63733192045328,5,1006
169,30,99.63733192045328,5,1006
169,31,99.63733192045328,5,1006
169,32,99.63733192045328,5,1006
169,34,99.63733192045328,5,1006
169,35,99.63733192045328,5,1006
169,36,99.63733192045328,5,1006
170,25,99.63694655837882,2,6
170,25,99.63695489171215,2,8
170,25,99.63695489171215,1,11
170,26,99.63695489171215,1,11
170,26,99.63697989171216,1,7
170,26,99.63697989171216,1,9
170,26,99.63697989171216,1,10
170,26,99.63772561586106,1,1006
170,27,99.63772561586106,5,1006
170,28,99.63772561586106,2,1006
170,28,99.82776134037641,3,1006
170,29,99.82776134037641,5,1006
170,31,99.82776134037641,5,1006
170,32,99.82776134037641,5,1006
170,33,99.82776134037641,5,1006
170,35,99.82776134037641,2,1006
170,35,99.82781134038255,1,26
170,35,99.82781134038255,1,27
170,35,99.82781134038255,1,28
171,26,99.78010347821495,2,6
171,26,99.7801118115483,1,8
171,26,99.7801118115483,1,11
171,28,99.78013264488162,1,7
171,28,99.78013264488162,1,9
171,28,99.78013264488162,1,10
171,28,99.87552753588349,1,29
171,32,99.87552753588349,1,30
171,32,99.87552753588349,1,31
171,33,99.87552753588349,1,32
171,36,99.87552753588349,1,33
171,36,99.87552753588349,1,34
171,36,99.87552753588349,1,35
171,36,99.87552753588807,1,26
172,25,99.85167985480312,1,6
172,25,99.8516840214698,1,8
172,25,99.8516840214698,1,11
172,25,99.85170485480313,1,7
172,27,99.85170485480313,1,9
172,27,99.85170485480313,1,10
172,30,99.89938355030635,1,27
172,30,99.89938355030635,1,28
172,30,99.89938355030635,1,29
172,32,99.89938355030635,1,30
172,34,99.89938355030635,1,32
172,34,99.89938355030635,1,33
173,6,99.47185019836903,3,5
173,25,99.8874492930972,2,6
173,25,99.88746595976389,1,8
173,27,99.88746595976389,1,11
173,27,99.88748679309721,1,7
173,27,99.88748679309721,1,9
173,29,99.88748679309721,1,10
173,29,99.91130947418216,1,34
173,29,99.91130947418216,1,36
173,31,99.91130947420052,1,25
173,31,99.91130947420052,1,26
173,31,99.91130947420052,1,27
173,33,99.91130947420052,1,28
173,33,99.91130947420052,1,30
173,33,99.91130947420052,1,31
173,35,99.91130947420052,1,33
173,35,99.91130947420052,1,34
173,36,99.91130947420052,1,35
174,12,109.68216378866641,1,6
174,12,109.68217628866641,1,8
174,12,109.68217628866641,1,11
174,12,109.68219712199975,1,7
174,12,109.68219712199975,1,9
174,13,109.68219712199975,1,10
174,13,109.69408554588473,1,36
174,13,109.69408554595817,1,25
174,13,109.69408554595817,1,26
174,13,109.69408554595817,1,27
174,14,109.69408554595817,1,28
174,14,109.69408554595817,1,29
174,14,109.69408554595817,1,30
174,14,109.69408554595817,1,32
174,14,109.69408554595817,1,33
174,15,109.69408554595817,1,35
174,15,109.69408554625196,1,33
174,15,109.69408554625196,1,35
174,15,109.69408554625196,1,36
174,15,109.69408554871039,1,25
174,16,109.69408554871039,1,26
174,16,109.69408554871039,1,28
174,16,109.69408554871039,1,30
174,16,109.69408554871039,1,31
174,16,109.69408554871039,1,32
174,17,109.69408554871039,1,34
174,17,109.69408554871039,1,35
174,17,109.69408554871039,1,36
174,17,109.69408556524621,1,28
174,17,109.69408556524621,1,30
174,18,109.69408556524621,1,31
174,18,109.69408556524621,1,32
174,18,109.69408556524621,1,33
174,18,109.69408556524621,1,34
174,18,109.69408556524621,1,35
174,19,109.69408556524621,1,36
174,19,109.69408563138954,1,25
174,19,109.69408563138954,1,26
174,19,109.69408563138954,1,27
174,19,109.69408563138954,1,28
174,25,99.91727460498116,1,29
174,25,99.91727460498116,1,30
174,25,99.91727460498116,1,31
174,26,99.91727460498116,1,32
174,26,99.91727460498116,1,33
174,26,99.91727460498116,1,34
174,27,99.91727486955443,1,31
174,27,99.91727486955443,1,33
174,27,99.91727486955443,1,34
174,28,99.9172759278475,1,26
174,28,99.9172759278475,1,27
174,29,99.9172759278475,1,28
174,30,99.9172759278475,1,29
174,30,99.9172759278475,1,32
174,30,99.9172759278475,1,33
174,31,99.9172759278475,1,34
174,31,99.9172759278475,1,35
174,31,99.9172759278475,1,36
174,32,99.91728159337381,3,1001
174,34,99.91728159337381,3,1001
174,36,99.91728159337381,3,1001
175,25,99.91430355226154,1,6
175,25,99.91431605226154,1,8
175,25,99.91431605226154,1,11
175,26,99.91433688559488,1,7
175,26,99.91433688559488,1,9
175,26,99.91433688559488,1,10
175,27,99.92026380115277,3,1001
175,29,99.92026380115277,3,1001
175,31,99.92026380115277,1,1001
175,31,99.92026380115277,2,1002
175,32,99.92026380115277,3,1002
175,35,99.92026380115277,3,1002
175,36,99.92026380115277,3,1002
176,12,109.70185011000748,1,6
176,12,109.70186261000748,1,8
176,12,109.70186261000748,1,11
176,12,109.70482606778643,2,1002
176,13,109.70482606778643,5,1002
176,14,109.70482606778643,2,1002
176,14,109.70482606778643,3,1003
176,15,109.70482606778643,5,1003
176,16,109.70482606778643,5,1003
176,17,109.70482606778643,5,1003
176,18,109.70482606778643,2,1003
176,18,109.70482606778643,3,1004
176,19,109.70482606778643,5,1004
176,25,99.92175386337559,3,1004
176,26,99.92175386337559,3,1004
176,28,99.92175386337559,3,1004
176,29,99.92175386337559,3,1005
176,32,99.92175386337559,3,1005
176,33,99.92175386337559,3,1005
176,34,99.92175386337559,3,1005
176,35,99.92175386337559,3,1005
176,36,99.92175386337559,3,1005
177,1,101.25762698663834,1,1005
177,26,99.9210140405975,1,6
177,26,99.92102654059751,1,8
177,26,99.92102654059751,1,11
177,29,99.92249785282031,2,1005
177,29,99.92249785282031,1,1006
177,31,99.92249785282031,3,1006
177,32,99.92249785282031,3,1006
177,34,99.92249785282031,3,1006
177,35,99.92249785282031,3,1006
177,36,99.92249785282031,3,1006
178,25,99.92213106643128,1,6
178,25,99.92214356643127,1,8
178,25,99.92214356643127,1,11
178,26,99.92286880587602,3,1006
178,28,99.92286880587602,3,1006
178,29,99.92286880587602,3,1006
178,30,99.92286880587602,3,1006
178,31,99.92286880587602,1,1006
178,31,99.92289026891517,1,25
178,31,99.92289026891517,1,26
178,32,99.92289026891517,1,27
178,32,99.92289026891517,1,28
178,32,99.92289026891517,1,29
178,34,99.92289026891517,1,30
178,34,99.92289026891517,1,31
178,34,99.92289026891517,1,32
178,36,99.92289026891517,1,33
178,36,99.92289026891517,1,34
178,36,99.92289026891517,1,35
179,2,100.92870569839894,1,36
179,2,100.9288497243332,1,25
179,2,100.9288497243332,1,26
179,2,100.9288497243332,1,27
179,4,100.82194562572342,1,28
179,4,100.82194562572342,1,29
179,4,100.82194562572342,1,30
179,4,100.82194562572342,1,32
179,6,99.13666525975927,3,5
179,12,109.70759097974167,1,6
179,12,109.70761597974168,1,8
179,12,109.70761597974168,1,11
179,12,109.7081229402512,1,33
179,12,109.7081229402512,1,34
179,13,109.7081229402512,1,35
179,13,109.72584385411311,1,32
179,13,109.72584385411311,1,33
179,13,109.72584385411311,1,34
179,13,109.72584385411311,1,35
179,14,109.72584385411311,1,36
179,14,109.75759633162501,2,20
179,14,109.75759633162501,2,21
179,15,109.75759633162501,2,22
179,15,109.75759633162501,2,23
179,15,109.75759633162501,1,24
179,16,109.75759633162501,1,24
179,16,109.7577425613713,2,20
179,16,109.7577425613713,2,21
179,17,109.7577425613713,2,22
179,17,109.7577425613713,2,23
179,17,109.7577425613713,1,24
179,18,109.7577425613713,1,24
179,18,109.7577425613713,2,20
179,18,109.7577425613713,2,21
179,19,109.7577425613713,2,22
179,19,109.7577425613713,2,23
179,19,109.7577425613713,1,24
179,27,99.97284371659049,1,24
179,27,99.97284371659049,2,20
179,28,99.97284371659049,2,21
179,28,99.97284371659049,1,22
179,29,99.97284371659049,1,22
179,29,99.97284371659049,2,23
179,30,99.97284371659049,2,24
179,30,99.97287156477334,1,20
179,32,99.97287156477334,1,20
179,32,99.97287156477334,2,21
179,36,99.97287156477334,2,22
179,36,99.97287156477334,1,23
180,25,99.96033087398689,1,6
180,25,99.96035587398688,1,8
180,25,99.96035587398688,1,11
180,29,99.98541642222646,1,23
180,29,99.98541642222646,2,24
180,30,99.98541642222646,2,20
180,30,99.98541642222646,1,21
180,31,99.98541642222646,1,21
180,31,99.98541642222646,2,22
180,32,99.98541642222646,2,23
180,32,99.98541642222646,1,24
180,33,99.98541642222646,1,24
180,33,99.99993797056234,1,2
180,33,100.00175778580933,1,2
180,34,100.00175778580933,2,2
180,34,100.02546997625325,1,1
180,35,100.02546997625325,3,1
180,36,100.02546997625325,1,1
180,36,100.04653713776167,2,1
181,6,98.58606402285209,3,1
181,6,90.08393310895715,4,12
181,7,90.08389560895715,4,13
181,7,90.08389560895715,1,14
181,8,90.08389560895715,3,14
181,8,90.08389560895715,2,15
181,9,90.08389560895715,2,15
181,9,90.08389560895715,3,16
181,10,90.08389560895715,1,16
181,10,90.08389560895715,4,17
181,11,90.08389560895715,4,18
181,11,90.08389560895715,1,19
181,20,90.00349350698528,2,19
181,21,90.00349350698528,1,19
181,25,100.01237723848465,3,1001
181,26,100.01237723848465,3,1001
181,29,100.01237723848465,3,1001
181,30,100.01237723848465,3,1001
181,32,100.01237723848465,3,1001
181,33,100.01237723848465,3,1001
181,34,100.01237723848465,1,1001
181,34,100.01237723848465,2,1002
181,35,100.01237723848465,3,1002
182,5,102.19917288817447,3,1002
182,25,99.98747589190569,2,6
182,25,99.98750922523902,1,7
182,27,99.98750922523902,1,8
182,27,99.98750922523902,1,9
182,27,99.98750922523902,1,10
182,28,99.98750922523902,1,11
182,28,99.99988234518055,2,1002
182,30,99.99988234518055,3,1002
182,31,99.99988234518055,3,1002
182,34,99.99988234518055,3,1002
182,35,99.99988234518055,3,1002
183,6,99.58894188929241,2,2
183,25,99.99678073186183,2,6
183,25,99.99681823186184,1,7
183,26,99.99681823186184,1,8
183,26,99.99681823186184,1,9
183,26,99.99681823186184,1,10
183,27,99.99681823186184,1,11
183,27,100.00298395849927,2,1002
183,29,100.00298395849927,1,1002
183,29,100.00298395849927,2,1003
183,30,100.00298395849927,3,1003
183,31,100.00298395849927,3,1003
183,33,100.00298395849927,3,1003
183,34,100.00298395849927,3,1003
183,35,100.00298395849927,3,1003
184,6,99.13106597215551,3,4
184,7,99.13102847215549,2,4
184,25,100.00142898517325,2,6
184,25,100.00146648517324,1,7
184,26,100.00147481850658,1,8
184,26,100.00147481850658,1,9
184,26,100.00147481850658,1,10
184,27,100.00147481850658,1,11
184,27,100.00453476515862,2,1003
184,28,100.00453476515862,3,1003
184,29,100.00453476515862,3,1003
184,30,100.00453476515862,3,1003
184,33,100.00453476515862,3,1004
184,34,100.00453476515862,3,1004
184,35,100.00453476515862,3,1004
184,36,100.00453476515862,3,1004
185,3,101.4631892067228,2,1004
185,25,100.00376665349562,2,6
185,25,100.00379998682895,1,7
185,26,100.00380832016228,1,8
185,26,100.00380832016228,1,9
185,26,100.00380832016228,1,10
185,28,100.00380832016228,1,11
185,28,100.00531121015497,2,1004
185,30,100.00531121015497,3,1004
185,32,100.00531121015497,3,1004
185,33,100.00531121015497,3,1004
185,34,100.00531121015497,3,1004
185,35,100.00531121015497,2,1004
185,35,100.00531121015497,1,1005
186,25,100.00493340432345,1,6
186,25,100.00496257099013,1,7
186,25,100.00497090432346,1,8
186,26,100.00497090432346,1,9
186,26,100.00497090432346,1,10
186,26,100.00497090432346,1,11
186,27,100.0056973493198,3,1005
186,28,100.0056973493198,3,1005
186,29,100.0056973493198,3,1005
186,30,100.0056973493198,3,1005
186,31,100.0056973493198,3,1005
186,33,100.0056973493198,3,1005
186,34,100.0056973493198,3,1005
186,35,100.0056973493198,3,1005
187,6,98.8256891098827,3,5
187,27,100.00549802973738,2,6
187,27,100.00553969640404,1,7
187,28,100.0058883355689,3,1005
187,29,100.0058883355689,1,1005
187,29,100.0058883355689,2,1006
187,30,100.0058883355689,3,1006
187,32,100.0058883355689,3,1006
187,35,100.0058883355689,3,1006
187,36,100.0058883355689,3,1006
188,25,100.00579909244433,1,6
188,25,100.00583659244434,1,7
188,25,100.00598591202677,1,1006
188,26,100.00598591202677,3,1006
188,27,100.00598591202677,3,1006
188,28,100.00598591202677,3,1006
188,29,100.00598591202677,3,1006
188,30,100.00598591202677,3,1006
188,31,100.00598591202677,3,1006
188,32,100.00598591202677,3,1006
188,33,100.06169737724748,1,1
188,33,100.06435947321253,2,2
188,35,100.06435947321253,2,2
189,3,102.56459410293779,1,1
189,3,102.60859180564441,3,1
189,25,100.24542119612514,1,6
189,26,100.27694205797837,1,1
190,2,100.52687878363069,3,1
190,25,100.38718867303807,1,6
192,1,100.58087760506875,1,25
192,1,100.58087760506875,1,27
192,1,100.58087760506875,1,28
192,1,100.58087760506875,1,31
193,12,110.52589335326326,1,33
193,12,110.52589335326326,1,35
193,12,110.52589335326326,1,36
193,12,110.53637698749127,1,6
193,12,110.55817829889668,1,5
193,13,110.55817829889668,1,5
193,13,110.57055618156684,4,2
193,14,110.57055618156684,1,2
193,14,110.59681044070368,3,4
193,14,110.59821453567972,1,31
193,15,110.59821453567972,4,31
193,15,110.59821453567972,1,32
193,16,110.59821453567972,5,32
193,17,110.59821453567972,5,33
193,18,110.59821453567972,1,33
193,18,110.59821453567972,4,34
193,19,110.59821453567972,2,34
193,19,110.59821453567972,3,35
194,25,98.70995667634095,1,1
194,26,98.70995667634095,1,1
194,2,101.04819674055398,1,25
194,2,101.04819674055398,1,26
194,2,101.04819674055398,1,28
194,2,101.04819674055398,1,29
194,2,101.04819674055398,1,31
194,27,97.97070773117888,1,3
195,1,102.18972473891357,1,27
196,2,101.70876626538418,1,29
197,12,103.30762143566801,1,30
197,13,103.30762143566801,1,31
197,14,103.30762143566801,1,32
197,15,103.30762143566801,1,35
197,16,103.30762143566801,1,36
197,17,103.30781249687473,1,28
197,18,103.30781249687473,1,29
197,19,103.30781249687473,1,31
198,1,102.10948764492232,1,28
199,25,90.42503657255199,1,12
199,27,90.42503657255199,1,12
199,28,90.42503657255199,1,12
199,29,90.42503657255199,1,12
199,30,90.42503657255199,1,12
199,32,90.42503657255199,1,13
199,33,90.42503657255199,1,13
199,34,90.42503657255199,1,13
199,35,90.42503657255199,1,13
199,36,90.42503657255199,1,13
199,25,90.42502059276235,1,14
199,26,90.42502059276235,1,14
199,29,90.42502059276235,1,14
199,30,90.42502059276235,1,14
199,32,90.42502059276235,1,14
199,33,90.42502059276235,1,15
199,34,90.42502059276235,1,15
199,35,90.42502059276235,1,15
199,36,90.42502059276235,1,15
199,28,90.42493124519416,1,15
199,31,90.42493124519416,1,16
199,32,90.42493124519416,1,16
199,34,90.42493124519416,1,16
199,35,90.42493124519416,1,16
199,36,90.42493124519416,1,16
199,6,90.41247725110318,4,17
199,7,90.41245225110319,1,17
199,7,90.41245225110319,4,18
199,8,90.41245225110319,1,18
199,8,90.41245225110319,4,19
199,9,90.41245225110319,1,19
199,9,100.07060193441478,4,27
199,10,100.07060193441478,3,27
199,10,100.07060193441478,2,28
199,11,100.07060193441478,5,28
199,26,100.05064601743116,1,29
199,27,100.05064601743116,1,29
199,28,100.05064601743116,1,29
199,30,100.05064601743116,1,29
199,31,100.05064601743116,1,29
199,34,100.05064601743116,1,29
199,35,100.05064601743116,1,29
199,36,100.05064601743116,1,32
199,20,100.04102537287869,3,32
199,21,100.04102537287869,3,32
199,22,100.04102537287869,3,33
199,23,100.04102537287869,3,33
199,24,100.04102537287869,1,33
199,24,100.04102537287869,2,34
199,20,100.0349175282228,3,34
199,21,100.0349175282228,2,34
199,21,100.0349175282228,1,36
199,22,100.0349175282228,3,36
199,23,100.0349175282228,3,36
200,24,98.78337353369821,3,1
200,20,98.78184657253425,1,1
200,20,100.3344883997386,2,4
200,21,100.3344883997386,1,4
200,6,100.03444205535087,4,26
200,7,100.03442122201753,3,26
200,7,100.03442122201753,1,28
200,8,100.03442122201753,4,28
200,9,100.03442122201753,2,28
200,9,100.03442122201753,2,30
200,10,100.03442122201753,4,30
200,11,100.03442122201753,1,30
200,11,100.03442122201753,3,33
200,21,100.02132338514865,2,33
200,22,100.02132338514865,2,33
200,22,100.02132338514865,1,35
200,23,100.02132338514865,3,35
200,24,100.02132338514865,3,35
201,3,101.14122896468061,4,1001
201,5,101.82324360011702,1,1001
201,5,101.82324360011702,2,1002
201,6,95.61378599751146,2,12
201,6,95.61378599751146,1,13
201,7,95.61376516417812,1,13
201,7,95.61376516417812,2,14
201,7,95.61376516417812,1,15
201,8,95.61376516417812,1,15
201,8,95.61376516417812,2,16
201,8,95.61376516417812,1,17
201,9,95.61376516417812,1,17
201,9,95.61376516417812,2,18
201,9,95.61376516417812,1,19
201,10,95.61376516417812,1,19
201,10,100.0243125808143,3,25
201,11,100.0243125808143,4,25
201,20,100.01756654223433,3,27
201,21,100.01756654223433,3,27
201,22,100.01756654223433,1,27
201,22,100.01756654223433,2,29
201,23,100.01756654223433,3,29
201,24,100.01756654223433,2,29
201,24,100.01756654223433,1,30
201,20,100.0175157362719,3,30
201,21,100.0175157362719,3,30
201,22,100.0175157362719,3,31
201,23,100.0175157362719,3,31
201,24,100.0175157362719,1,31
201,24,100.0175157362719,2,32
201,20,100.01751101668623,4,32
201,21,100.01751101668623,1,32
201,21,100.01751101668623,3,33
201,22,100.01751101668623,4,33
201,23,100.01751101668623,4,34
201,24,100.01751101668623,3,34
201,24,100.01751101668623,1,36
201,20,100.0175030347813,3,36
201,21,100.0175030347813,3,36
202,22,100.01265064827305,3,25
202,23,100.01265064827305,3,25
202,24,100.01265064827305,1,25
202,24,100.01265064827305,2,26
202,20,100.01261872065335,3,26
202,21,100.01261872065335,2,26
202,21,100.01261872065335,1,27
202,22,100.01261872065335,3,27
202,23,100.01261872065335,3,27
202,24,100.01261872065335,3,28
202,20,100.01244020421211,3,28
202,21,100.01244020421211,1,28
202,21,100.01244020421211,2,29
202,22,100.01244020421211,3,29
202,23,100.01244020421211,2,29
202,23,100.01244020421211,1,30
202,24,100.01244020421211,3,30
202,6,100.00978875462287,3,30
202,7,100.00977208795621,3,31
202,8,100.00977208795621,3,31
202,9,100.00977208795621,1,31
202,9,100.00977208795621,2,34
202,10,100.00977208795621,3,34
202,11,100.00977208795621,2,34
202,11,100.00977208795621,1,35
202,20,99.98854840072141,4,35
202,21,99.98854840072141,2,35
202,21,99.98854840072141,2,36
202,22,99.98854840072141,4,36
202,23,99.98854840072141,1,36
203,3,102.20325591042345,1,1002
203,23,98.30811016534767,3,5
203,24,98.30811016534767,1,5
203,6,99.99172456895914,3,25
203,7,99.99170790229249,3,25
203,8,99.99170790229249,1,25
203,8,99.99170790229249,2,26
203,9,99.99170790229249,3,26
203,10,99.99170790229249,2,26
203,10,99.99170790229249,1,28
203,11,99.99170790229249,3,28
203,24,99.98252283883349,3,28
203,27,99.97707134775276,1,29
203,31,99.97707134775276,1,29
203,32,99.97707134775276,1,29
203,33,99.97707134775276,1,29
203,34,99.97707134775276,1,29
203,35,99.97707134775276,1,29
203,36,99.97707134775276,1,29
203,20,99.97577938379214,4,30
203,21,99.97577938379214,3,30
203,21,99.97577938379214,1,34
203,22,99.97577938379214,4,34
203,23,99.97577938379214,2,34
203,23,99.97577938379214,2,35
203,24,99.97577938379214,4,35
203,20,99.96608431554867,1,35
203,20,99.96608431554867,3,36
203,21,99.96608431554867,4,36
204,6,99.97249021223462,2,25
204,7,99.97249021223462,3,25
204,8,99.97249021223462,2,25
204,8,99.97249021223462,1,26
204,9,99.97249021223462,3,26
204,10,99.97249021223462,3,26
204,11,99.97249021223462,3,28
204,22,99.95967425219604,4,28
204,23,99.95967425219604,4,29
204,24,99.95967425219604,3,29
204,24,99.95967425219604,1,32
204,20,99.947635179544,4,32
204,21,99.947635179544,2,32
204,21,99.947635179544,2,34
204,22,99.947635179544,4,34
204,23,99.947635179544,1,34
205,1,102.34548557881348,3,6
205,1,102.34548557881348,2,7
205,6,99.95385310438334,2,29
205,7,99.95385310438334,3,29
205,8,99.95385310438334,2,29
205,9,99.95385310438334,2,30
205,10,99.95385310438334,2,30
205,11,99.95385310438334,2,30
205,23,99.94142142137136,1,30
205,23,99.94142142137136,2,33
205,24,99.94142142137136,4,33
205,20,99.92898586847193,1,33
205,20,99.92898586847193,1,35
205,21,99.92898586847193,2,35
205,22,99.92898586847193,2,35
205,23,99.92898586847193,2,35
205,24,99.92898586847193,2,36
205,20,99.92861411479282,4,36
205,21,99.92861411479282,1,36
206,7,90.24961773110064,2,12
206,6,90.24961356443399,2,12
206,8,90.24961356443399,1,12
206,8,90.24961356443399,1,13
206,9,90.24961356443399,2,13
206,10,90.24961356443399,2,13
206,11,90.24961356443399,2,14
206,21,90.23700240297205,3,14
206,22,90.23700240297205,4,15
206,23,90.23700240297205,1,15
206,23,90.23700240297205,3,16
206,24,90.23700240297205,2,16
206,24,90.23700240297205,2,17
206,20,90.2245873141431,3,17
206,20,90.2245873141431,1,18
206,21,90.2245873141431,4,18
206,22,90.2245873141431,4,19
206,23,90.2245873141431,1,19
206,23,99.90988927856623,3,26
206,24,99.90988927856623,3,26
206,24,99.90988927856623,1,30
206,20,99.89728240326575,4,30
206,21,99.89728240326575,1,30
206,21,99.89728240326575,3,32
206,22,99.89728240326575,3,32
206,22,99.89728240326575,1,33
206,23,99.89728240326575,4,33
206,24,99.89728240326575,1,33
206,24,99.89728240326575,3,35
206,36,99.87826513315846,3,35
207,7,99.89086723242652,2,28
207,6,99.89086306575985,2,28
207,8,99.89086306575985,2,28
207,9,99.89086306575985,2,29
207,10,99.89086306575985,2,29
207,11,99.89086306575985,2,29
207,3,99.8615128125839,4,30
207,20,99.85326763625501,2,30
207,20,99.85326763625501,1,32
207,21,99.85326763625501,3,32
207,22,99.85326763625501,2,32
207,22,99.85326763625501,1,33
207,23,99.85326763625501,3,33
207,24,99.85326763625501,2,33
207,24,99.85326763625501,1,34
207,20,99.8135803798623,2,34
207,21,99.8135803798623,2,34
207,22,99.8135803798623,1,34
207,22,99.8135803798623,1,35
207,23,99.8135803798623,2,35
207,24,99.8135803798623,2,35
207,20,99.66676470407373,1,35
208,20,98.8672964563888,1,3
208,21,98.8672964563888,2,3
208,22,98.8672964563888,2,3
208,23,98.36373369374726,1,4
208,5,101.31685715814173,2,7
208,7,99.72279033616192,2,25
208,6,99.72277783616192,2,25
208,8,99.72277783616192,1,25
208,8,99.72277783616192,1,28
208,9,99.72277783616192,2,28
208,10,99.72277783616192,2,28
208,11,99.72277783616192,2,29
208,20,99.6853027912546,3,29
208,21,99.6853027912546,3,31
208,22,99.6853027912546,2,31
208,22,99.6853027912546,1,32
208,23,99.6853027912546,3,32
208,24,99.6853027912546,1,32
208,24,99.6853027912546,2,34
208,23,99.61073907198553,1,34
208,24,99.61073907198553,2,34
208,20,99.59796920172269,3,35
208,21,99.59796920172269,2,35
208,21,99.59796920172269,1,36
208,22,99.59796920172269,3,36
208,23,99.59796920172269,1,36
209,23,98.1956559624048,2,2
209,24,98.1956559624048,2,2
209,7,99.62916615199917,2,26
209,6,99.62915365199916,2,26
209,8,99.62915365199916,2,28
209,9,99.62915365199916,2,28
209,10,99.62915365199916,2,29
209,11,99.62915365199916,2,29
209,20,99.59174935099239,3,30
209,21,99.59174935099239,1,30
209,21,99.59174935099239,2,32
209,22,99.59174935099239,2,32
209,22,99.59174935099239,1,33
209,23,99.59174935099239,3,33
209,24,99.59174935099239,3,36
209,24,99.56676391811288,1,36
210,1,101.92121912151421,1,7
210,4,102.29694648685873,1,7
210,7,99.58221825826232,2,25
210,6,99.58219742492898,1,25
210,8,99.58219742492898,1,25
210,9,99.58219742492898,1,26
210,10,99.58219742492898,1,26
210,11,99.58219742492898,1,26
210,20,99.55091966243776,1,26
210,20,99.55091966243776,2,28
210,21,99.55091966243776,2,28
210,21,99.55091966243776,1,29
210,22,99.55091966243776,3,29
210,23,99.55091966243776,3,34
210,24,99.55091966243776,1,34
210,24,99.55091966243776,2,35
210,20,99.55053807191209,2,35
211,7,99.55844978516632,2,25
211,6,99.55843311849964,1,25
211,8,99.55843311849964,1,25
211,9,99.55843311849964,1,26
211,10,99.55843311849964,1,26
211,11,99.55843311849964,1,26
211,20,99.54261802532453,1,26
211,21,99.54261802532453,3,27
211,22,99.54261802532453,1,27
211,22,99.54261802532453,2,28
211,23,99.54261802532453,2,28
211,23,99.54261802532453,1,29
211,24,99.54261802532453,3,29
211,20,99.54184651927318,3,30
211,21,99.54184651927318,1,30
211,21,99.54184651927318,2,31
211,22,99.54184651927318,2,31
211,22,99.54184651927318,1,33
211,23,99.54184651927318,3,33
211,24,99.54184651927318,3,34
211,20,99.5402951821705,1,34
211,20,99.5402951821705,2,35
211,21,99.5402951821705,2,35
211,21,99.5402951821705,1,36
211,22,99.5402951821705,3,36
212,23,99.31739978985584,1,2
212,3,100.98745393570985,2,7
212,23,99.01270527985014,2,4
212,24,99.01270527985014,3,4
212,7,99.54483383291944,2,26
212,6,99.5448129995861,1,26
212,8,99.5448129995861,1,26
212,9,99.5448129995861,1,28
212,10,99.5448129995861,1,28
212,11,99.5448129995861,1,28
212,20,99.53265801971614,1,28
212,20,99.53265801971614,2,29
212,21,99.53265801971614,2,29
212,21,99.53265801971614,1,30
212,22,99.53265801971614,3,30
212,23,99.53265801971614,3,31
212,24,99.53265801971614,1,31
212,24,99.53265801971614,2,32
212,20,99.53237405851485,2,32
212,20,99.53237405851485,1,34
212,21,99.53237405851485,3,34
212,22,99.53237405851485,3,35
212,23,99.53237405851485,1,35
213,3,100.68678826086656,3,7
213,3,100.6868090941999,1,6
213,7,95.87884105707529,1,12
213,7,95.87884105707529,1,13
213,6,95.87881605707528,1,14
213,8,95.87881189040863,1,15
213,9,95.87881189040863,1,16
213,10,95.87881189040863,1,17
213,11,95.87881189040863,1,18
213,23,95.87260700320633,1,19
213,23,99.5292591149137,1,25
213,24,99.5292591149137,3,25
213,20,99.5233460527042,3,26
213,21,99.5233460527042,1,26
213,21,99.5233460527042,2,27
213,22,99.5233460527042,2,27
213,22,99.5233460527042,1,29
213,23,99.5233460527042,3,29
213,24,99.5233460527042,3,30
213,20,99.51343486183175,1,30
213,20,99.51343486183175,1,31
213,21,99.51343486183175,2,31
213,22,99.51343486183175,1,31
213,22,99.51343486183175,1,33
213,23,99.51343486183175,2,33
213,24,99.51343486183175,1,33
213,24,99.51343486183175,1,36
213,21,99.50525082077027,1,36
213,22,99.50525082077027,2,36
214,3,100.17607058352894,3,7
214,7,99.51281557444004,2,25
214,6,99.5127822411067,1,25
214,8,99.51277807444004,1,25
214,9,99.51277807444004,1,26
214,10,99.51277807444004,1,26
214,11,99.51277807444004,1,26
214,23,99.49769023376717,1,26
214,23,99.49769023376717,1,28
214,24,99.49769023376717,2,28
214,20,99.49680605063224,1,28
214,20,99.49680605063224,1,30
214,21,99.49680605063224,2,30
214,22,99.49680605063224,1,30
214,22,99.49680605063224,1,31
214,23,99.49680605063224,2,31
214,24,99.49680605063224,1,31
214,24,99.49680605063224,1,32
214,20,99.49058239331715,2,32
214,21,99.49058239331715,1,32
214,21,99.49058239331715,1,33
214,22,99.49058239331715,2,33
214,23,99.49058239331715,1,33
214,23,99.49058239331715,1,35
214,24,99.49058239331715,2,35
214,20,99.47547634048496,1,35
214,20,99.47547634048496,1,36
214,21,99.47547634048496,2,36
214,22,99.47547634048496,1,36
215,7,99.48480281564039,2,28
215,6,99.48477364897373,1,28
215,8,99.48476948230706,1,30
215,9,99.48476948230706,1,30
215,10,99.48476948230706,1,30
215,11,99.48476948230706,1,31
215,22,99.46614153199619,1,31
215,23,99.46614153199619,1,31
215,23,99.46614153199619,1,32
215,24,99.46614153199619,2,32
215,20,99.46329080008707,2,33
215,21,99.46329080008707,1,33
215,21,99.46329080008707,1,34
215,22,99.46329080008707,2,34
215,23,99.46329080008707,2,36
215,24,99.46329080008707,1,36
216,1,100.04353506580797,3,7
216,7,99.46867297064207,2,25
216,6,99.46863547064207,1,25
216,8,99.4686313039754,1,28
216,9,99.4686313039754,1,28
216,10,99.4686313039754,1,28
216,11,99.4686313039754,1,29
216,24,99.45791279619874,1,29
216,20,99.45753357455803,1,29
216,20,99.45753357455803,1,30
216,21,99.45753357455803,2,30
216,22,99.45753357455803,2,31
216,23,99.45753357455803,1,31
216,23,99.45753357455803,1,32
216,24,99.45753357455803,2,32
216,20,99.45679241035275,2,34
216,21,99.45679241035275,1,34
216,21,99.45679241035275,1,35
216,22,99.45679241035275,2,35
216,23,99.45679241035275,2,36
216,24,99.45679241035275,1,36
217,24,99.45691703059788,1,1
217,3,99.4250817269712,1,1
217,7,99.45975421709173,2,25
217,6,99.4597208837584,1,25
217,8,99.45971671709174,1,26
217,9,99.45971671709174,1,26
217,10,99.45971671709174,1,26
217,11,99.45971671709174,1,27
217,2,99.32526464814038,2,27
217,2,99.32526464814038,2,28
218,2,99.9195505063069,1,28
218,2,99.9195505063069,3,29
218,4,99.66182134876928,3,30
218,4,99.66182134876928,2,31
218,7,99.12950905516611,1,25
218,6,99.12947988849945,1,26
218,8,99.12947572183278,1,27
218,9,99.12947572183278,1,28
218,10,99.12947572183278,1,29
218,11,99.12947572183278,1,30
218,1,99.10734138603011,1,31
218,1,99.10734138603011,1,32
219,7,98.98703692348681,1,25
219,6,98.98700775682015,1,26
219,8,98.98700359015348,1,27
219,9,98.98700359015348,1,28
219,10,98.98700359015348,1,30
219,11,98.98700359015348,1,31
219,33,98.97997372053985,1,32
219,34,98.97997372053985,1,33
219,34,98.97997372053985,1,35
219,34,98.97997372053985,1,36
220,7,98.98173535460992,1,25
220,6,98.98170618794325,1,26
220,34,98.9782079198031,1,27
220,34,98.9782079198031,1,29
220,34,98.9782079198031,1,30
220,34,98.9782079198031,1,31
220,34,98.9782079198031,1,36
221,34,96.65273110778833,1,5
221,7,98.97908561183813,1,26
221,34,98.9773260611014,1,27
221,35,98.9773260611014,1,28
221,35,98.9773260611014,1,29
221,35,98.9773260611014,1,34
221,4,98.9668307051079,1,35
222,4,89.08042662792224,3,12
222,7,89.08024574795402,1,12
222,1,89.03105890880221,1,12
222,1,89.03105890880221,2,13
222,4,88.96340521862138,2,13
222,2,88.94141648975389,1,13
222,2,88.94141648975389,1,14
222,2,88.93803054859552,4,14
222,1,88.93538225952803,3,15
222,5,88.89224088465835,2,15
222,5,88.89224088465835,2,16
222,4,88.88597858643678,3,16
222,2,88.83174018856195,1,17
222,2,88.76982824765949,4,17
222,2,88.76982824765949,1,18
222,2,88.76472878688472,4,18
222,2,88.76472878688472,1,19
222,5,88.74881801680216,4,19
223,4,99.31188842596958,1,25
223,4,99.31188842596958,1,27
223,4,99.31188842596958,1,28
223,4,99.31188842596958,1,29
223,25,98.7133110214744,1,7
223,27,98.7133110214744,1,7
223,29,98.7133110214744,1,7
223,30,98.7133110214744,1,7
223,31,98.71333185480773,1,6
223,32,98.71333185480773,1,6
223,33,98.71333185480773,1,6
223,36,98.71333185480773,1,6
224,3,100.48349381416756,1,6
224,25,98.71330997980775,1,7
224,26,98.71330997980775,1,7
224,27,98.71330997980775,1,7
224,28,98.71330997980775,1,7
224,29,98.7133266464744,1,6
224,30,98.7133266464744,1,6
224,31,98.7133266464744,1,6
224,35,98.7133266464744,1,6
224,36,98.71334747980774,1,8
225,25,98.71332143814107,1,7
225,26,98.71332143814107,1,7
225,27,98.71332143814107,1,7
225,29,98.71333810480775,1,6
225,31,98.71333810480775,1,6
225,32,98.71333810480775,1,6
225,33,98.71333810480775,1,6
225,35,98.71337143814108,1,8
225,36,98.71337143814108,1,8
226,29,98.71334643814109,1,7
226,30,98.71334643814109,1,7
226,31,98.71334643814109,1,7
226,32,98.71335893814108,1,6
226,33,98.71335893814108,1,6
227,7,96.74782960353325,2,2
227,7,92.84327691590491,2,12
227,6,92.8432685825716,2,13
227,8,92.84321858257158,1,14
227,5,92.69324437496377,1,14
227,2,92.65635775505578,2,15
227,2,92.65635775505578,1,16
227,3,92.64068060699881,1,16
227,3,92.64068060699881,1,17
227,1,92.6406650006851,1,17
227,1,92.63882457346816,2,18
227,1,92.63882457346816,2,19
227,25,98.71335164647441,1,7
227,26,98.71335164647441,1,7
227,27,98.71335164647441,1,7
227,30,98.71335997980773,1,6
227,31,98.71335997980773,1,6
227,32,98.71335997980773,1,6
227,33,98.71340997980774,1,8
227,34,98.71340997980774,1,8
227,35,98.71340997980774,1,8
227,36,98.71340997980774,1,8
228,6,98.32462434658616,2,2
228,25,98.53078993380277,2,7
228,26,98.53078993380277,1,7
228,26,98.5307982671361,1,6
228,27,98.5307982671361,2,6
228,28,98.53083993380277,2,8
228,30,98.53083993380277,2,8
228,31,98.53086493380277,2,9
228,32,98.53086493380277,2,9
228,33,98.53086493380277,1,9
228,33,98.53086493380277,1,10
228,35,98.53086493380277,2,10
228,36,98.53086493380277,2,10
229,25,98.53083368380277,2,7
229,26,98.53083368380277,1,7
229,26,98.53085035046944,1,6
229,27,98.53085035046944,2,6
229,28,98.5308795171361,2,8
229,29,98.5308795171361,2,8
229,31,98.53090035046944,2,9
229,33,98.53090035046944,2,9
229,34,98.53090035046944,2,10
229,35,98.53090035046944,2,10
229,36,98.53092118380277,2,11
230,4,100.37479806209939,3,11
230,4,100.41136592062736,1,20
230,5,100.2298754898043,1,20
230,5,100.2298754898043,2,21
230,5,100.2298754898043,1,22
230,25,98.53090347546944,2,6
230,26,98.53090347546944,1,6
230,26,98.53091180880277,1,7
230,28,98.53091180880277,1,7
230,28,98.53092847546944,1,8
230,29,98.53092847546944,2,8
230,30,98.53094930880278,2,9
230,31,98.53094930880278,2,9
230,32,98.53094930880278,2,10
230,34,98.53094930880278,2,10
230,35,98.53096597546943,2,11
230,36,98.53096597546943,2,11
231,26,98.5583632235321,2,6
231,27,98.55837155686542,2,8
231,28,98.55837155686542,1,8
231,28,98.5583757235321,1,7
231,29,98.5583757235321,1,7
231,29,98.55838822353209,1,9
231,32,98.55838822353209,2,9
231,33,98.55838822353209,2,10
231,34,98.55838822353209,1,10
231,34,98.55840489019874,1,11
231,35,98.55840489019874,2,11
231,36,98.55840489019874,1,11
231,36,98.57666277779607,1,22
232,25,98.5720837225634,2,8
232,26,98.5720837225634,1,8
232,26,98.5720962225634,1,6
232,28,98.5720962225634,1,6
232,28,98.57210038923006,1,9
232,30,98.57210038923006,2,9
232,32,98.57210038923006,2,10
232,35,98.57210038923006,1,10
232,35,98.5721087225634,1,7
232,36,98.5721087225634,1,7
232,36,98.57211288923006,1,11
233,25,98.57210976423008,2,8
233,26,98.57210976423008,2,9
233,27,98.57210976423008,1,9
233,27,98.57210976423008,1,10
233,30,98.57210976423008,2,10
233,32,98.57212643089673,2,6
233,34,98.5721305975634,2,11
233,36,98.5721305975634,1,11
233,36,98.57213893089673,1,7
234,8,97.6754360990248,1,2
234,12,108.297433540633,2,9
234,12,108.297433540633,2,10
234,12,108.29744187396632,1,8
234,13,108.29744187396632,1,8
234,13,108.29744604063299,3,11
234,13,108.29746270729964,1,6
234,14,108.29746270729964,1,6
234,14,108.29747104063298,2,7
234,14,108.306558317765,2,23
234,15,108.306558317765,2,24
234,15,108.30659585526499,2,20
234,15,108.30659585526499,1,21
234,16,108.30659585526499,1,21
234,16,108.30659585526499,2,22
234,16,108.30659585526499,2,23
234,17,108.30659585526499,2,24
234,17,108.306639649015,3,20
234,18,108.306639649015,3,21
234,18,108.306639649015,2,22
234,19,108.306639649015,1,22
234,19,108.306639649015,3,23
234,19,108.306639649015,1,24
234,27,98.58133358094541,2,24
234,28,98.59965560559701,2,20
234,29,98.59965560559701,1,20
234,29,98.59965560559701,1,21
234,32,98.59965560559701,2,21
234,34,98.59965560559701,2,22
234,35,98.59965560559701,1,22
234,35,98.59965560559701,1,23
234,36,98.59965560559701,2,23
235,1,100.85876549190559,3,24
235,1,100.86792441881471,1,20
235,26,98.59277357233859,2,11
235,27,98.59277357233859,1,11
235,27,98.59278190567193,1,9
235,30,98.59278190567193,1,9
235,30,98.59278190567193,1,10
235,31,98.59278190567193,1,10
235,31,98.59279023900527,1,8
235,34,98.59279023900527,1,8
235,34,98.59281107233859,1,6
235,35,98.59281107233859,1,6
235,35,98.59281940567192,1,7
236,26,98.6099699840747,2,11
236,28,98.60998248407469,2,9
236,29,98.60998248407469,2,10
236,30,98.60999081740803,2,8
236,31,98.61001165074137,1,6
236,31,98.61001581740803,1,7
236,32,98.621427314121,2,20
236,33,98.621427314121,2,21
236,35,98.621427314121,1,21
236,35,98.621427314121,1,22
236,36,98.621427314121,2,22
237,3,98.71673395272852,2,23
237,26,98.61857131494274,2,11
237,28,98.61858381494274,2,9
237,29,98.61858381494274,2,10
237,30,98.61859214827606,2,8
237,32,98.61860881494275,1,6
237,32,98.6186129816094,1,7
237,33,98.62429164663256,1,23
237,33,98.62429164663256,1,24
237,34,98.62429164663256,2,24
237,35,98.62430624454922,2,20
237,36,98.62430624454922,1,20
237,36,98.62430624454922,1,21
238,3,99.7215256929343,1,2
238,11,97.84480705383149,1,4
238,25,98.60578963993723,2,2
238,26,98.60578963993723,2,2
238,27,98.62287667881427,2,11
238,29,98.62289334548095,2,9
238,30,98.62289334548095,2,10
238,33,98.62290167881427,1,8
238,33,98.62291417881427,1,6
238,35,98.62291834548094,1,7
238,35,98.62573997695085,1,21
238,36,98.62573997695085,1,21
238,36,98.62573997695085,1,22
239,1,99.58447836768983,2,22
239,1,99.58447836768983,2,23
239,25,98.62503248575004,2,11
239,26,98.62504915241671,1,9
239,26,98.62504915241671,1,10
239,27,98.62505331908338,1,8
239,27,98.62506581908337,1,6
239,28,98.62506998575003,1,7
239,28,98.626455801485,1,23
239,29,98.626455801485,2,24
239,32,98.626455801485,1,24
239,32,98.62647039940165,1,20
240,25,98.6261192543221,2,11
240,26,98.6261317543221,1,9
240,26,98.6261317543221,1,10
240,27,98.62613592098876,1,8
240,27,98.62614842098876,1,6
240,28,98.62615258765544,1,7
240,28,98.62682987781457,1,20
240,29,98.62682987781457,1,20
240,29,98.62682987781457,1,21
240,30,98.62682987781457,2,21
240,31,98.62682987781457,2,22
240,32,98.62682987781457,1,22
240,32,98.62682987781457,1,23
240,33,98.62682987781457,2,23
240,35,98.62682987781457,2,24
240,36,98.62682987781457,1,24
240,36,98.64060770839788,1,20
241,11,96.87467469936777,1,3
241,27,98.62439809487893,1,1001
241,29,98.62439809487893,1,1001
241,30,98.62439809487893,1,1001
241,31,98.62439809487893,1,1001
241,32,98.62439809487893,1,1001
241,33,98.62439809487893,1,1001
241,34,98.62439809487893,1,1001
241,35,98.62439809487893,1,1001
241,36,98.62439809487893,1,1001
242,11,98.02301015720363,4,3
242,9,98.47156412975662,1,4
242,26,98.62125017821228,2,1001
242,27,98.62125017821228,2,1001
242,28,98.62125017821228,2,1001
242,29,98.62125017821228,2,1001
242,30,98.62125017821228,2,1001
242,31,98.62125017821228,2,1001
242,33,98.62125017821228,2,1001
242,35,98.62125017821228,2,1002
242,36,98.62125017821228,2,1002
243,11,97.16586596780229,2,3
243,25,98.61968038654561,2,1002
243,26,98.61968038654561,2,1002
243,28,98.61968038654561,2,1002
243,29,98.61968038654561,2,1002
243,31,98.61968038654561,2,1002
243,33,98.61968038654561,2,1002
243,34,98.61968038654561,2,1002
243,35,98.61968038654561,2,1002
244,11,98.29033304936803,3,4
244,25,98.6188975740456,2,1002
244,26,98.6188975740456,2,1002
244,27,98.6188975740456,2,1002
244,28,98.6188975740456,2,1002
244,29,98.6188975740456,2,1002
244,30,98.6188975740456,1,1002
244,30,98.6188975740456,1,1003
244,31,98.6188975740456,2,1003
244,34,98.6188975740456,2,1003
244,35,98.6188975740456,2,1003
244,36,98.6188975740456,2,1003
245,25,98.61850929279561,2,1003
245,26,98.61850929279561,2,1003
245,27,98.61850929279561,2,1003
245,29,98.61850929279561,2,1003
245,30,98.61850929279561,2,1003
245,32,98.61850929279561,2,1003
245,33,98.61850929279561,2,1003
245,34,98.61850929279561,2,1003
245,35,98.61850929279561,2,1003
245,36,98.61850929279561,2,1003
246,11,96.5023076593474,2,1
246,12,108.3653566686402,5,1003
246,13,108.3653566686402,2,1003
246,13,108.3653566686402,3,1004
246,14,108.3653566686402,5,1004
246,15,108.3653566686402,5,1004
246,16,108.3653566686402,5,1004
246,17,108.3653566686402,5,1004
246,18,108.3653566686402,5,1004
246,19,108.3653566686402,5,1004
246,25,98.6183151521706,2,1004
246,26,98.6183151521706,2,1004
246,27,98.6183151521706,1,1004
246,27,98.6183151521706,1,1005
246,28,98.6183151521706,2,1005
246,29,98.6183151521706,2,1005
246,31,98.6183151521706,2,1005
246,32,98.6183151521706,2,1005
246,33,98.6183151521706,2,1005
246,34,98.6183151521706,2,1005
246,35,98.6183151521706,2,1005
247,11,96.32174028751226,2,5
247,9,96.32169445417892,1,5
247,25,98.61821808185809,2,1005
247,26,98.61821808185809,2,1005
247,28,98.61821808185809,2,1005
247,30,98.61821808185809,2,1005
247,31,98.61821808185809,2,1005
247,32,98.61821808185809,2,1005
247,34,98.61821808185809,2,1005
247,35,98.61821808185809,2,1005
247,36,98.61821808185809,2,1005
248,11,97.02755011894433,2,4
248,9,97.027516785611,3,4
248,25,98.61816746336851,2,1005
248,26,98.61816746336851,2,1005
248,27,98.61816746336851,2,1006
248,28,98.61816746336851,2,1006
248,30,98.61816746336851,2,1006
248,31,98.61816746336851,2,1006
248,32,98.61816746336851,2,1006
248,33,98.61816746336851,2,1006
248,34,98.61816746336851,2,1006
248,36,98.61816746336851,2,1006
249,3,99.14177058730849,5,1006
249,4,99.1531861616291,1,1006
249,25,98.60372429225896,1,1006
249,26,98.60372429225896,1,1006
249,28,98.60372429225896,1,1006
249,29,98.60372429225896,1,1006
249,30,98.60372429225896,1,1006
249,31,98.60372429225896,1,1006
249,33,98.60372429225896,1,1006
249,35,98.60372429225896,1,1006
249,36,98.60372429225896,1,1006
250,3,100.55784856601534,1,1006
250,25,98.60371059596989,1,1006
250,26,98.60371059596989,1,1006
250,27,98.60371059596989,1,1006
250,28,98.60371059596989,1,1006
250,29,98.60371059596989,1,1006
250,30,98.60371059596989,1,1006
250,32,98.60371059596989,1,1006
250,33,98.60371059596989,1,1006
250,34,98.60371059596989,1,1006
250,35,98.60371059596989,1,1006
250,36,98.60371059596989,1,1006
251,25,98.60370374782536,1,1006
251,26,98.60371744411442,1,11
251,27,98.60371744411442,1,11
251,28,98.60371744411442,1,11
251,31,98.60372994411442,1,9
251,33,98.60372994411442,1,9
251,35,98.60375077744776,1,10
251,36,98.60375494411443,1,8
252,11,88.77264522126993,2,12
252,9,88.7726118879366,2,12
252,9,88.7726118879366,2,13
252,10,88.77259522126994,2,13
252,10,88.77259522126994,2,14
252,8,88.77259105460327,2,14
252,8,88.77259105460327,2,15
252,6,88.77258272126994,2,15
252,6,88.77258272126994,2,16
252,7,88.77257855460327,2,16
252,7,88.77257855460327,2,17
252,2,88.59261272026009,2,17
252,2,88.59261272026009,1,18
252,2,88.51915257667522,1,18
252,3,88.48955867618992,2,18
252,3,88.48955867618992,2,19
252,5,88.47094621344743,2,19
252,25,98.60374244411443,1,11
252,27,98.60374244411443,1,11
252,28,98.60374244411443,1,11
252,29,98.60377577744777,1,9
252,30,98.60377577744777,1,9
252,32,98.60379244411442,1,10
252,33,98.6037966107811,1,8
252,34,98.60380494411443,1,6
252,36,98.6038091107811,1,7
253,5,99.97237730151846,2,20
253,5,99.97237730151846,3,21
253,25,98.39231816964251,3,11
253,26,98.39234733630917,2,9
253,26,98.39235983630917,1,10
253,28,98.39236400297584,1,8
253,28,98.39237233630917,1,6
253,28,98.39237650297585,1,7
253,29,98.42892416306896,3,20
253,31,98.42892416306896,3,21
253,33,98.42892416306896,3,22
253,34,98.42892416306896,3,23
253,35,98.42892416306896,3,24
254,25,98.63626321043407,1,22
254,26,98.63626321043407,1,22
254,27,98.63626321043407,1,22
254,28,98.63626321043407,1,23
254,30,98.63626321043407,1,23
254,32,98.63626321043407,1,23
254,34,98.63626321043407,1,24
254,35,98.63626321043407,1,24
254,36,98.63626321043407,1,24
255,25,98.64610685612139,1,11
255,26,98.64610685612139,1,11
255,27,98.64614018945471,1,9
255,28,98.64614018945471,1,9
255,29,98.64614852278805,1,10
255,30,98.64615268945472,1,8
255,31,98.64616102278805,1,6
255,32,98.64616518945472,1,7
255,34,98.6491424037419,1,20
255,35,98.6491424037419,1,20
256,36,97.72415061319643,3,2
256,11,97.72133814300004,2,2
256,25,98.65049286948407,1,11
256,26,98.65049286948407,1,11
256,28,98.65053453615073,1,9
256,30,98.6505387028174,1,10
256,31,98.65054286948407,1,8
256,33,98.6505512028174,1,6
256,35,98.65055536948407,1,7
257,11,96.55230446522441,1,1
257,2,98.8338154032907,1,20
257,2,98.8338154032907,3,21
257,4,100.2198587777622,3,22
257,12,108.43363751276823,2,11
257,12,108.4336791794349,1,9
257,12,108.43368334610156,1,10
257,12,108.43368751276823,1,8
257,13,108.43368911545761,3,23
257,13,108.43368911545761,2,24
257,14,108.43368911545761,1,24
257,14,108.43369584610156,1,6
257,14,108.43370001276823,1,7
257,14,108.43912837499742,2,20
257,15,108.43912837499742,2,20
257,15,108.43912837499742,3,21
257,16,108.43912837499742,1,21
257,16,108.43912837499742,4,22
257,17,108.43912837499742,4,23
257,17,108.43912837499742,1,24
257,18,108.43912837499742,3,24
257,18,108.43914208498278,2,20
257,19,108.43914208498278,2,20
257,19,108.43914208498278,3,21
257,25,98.65608526239933,1,21
257,27,98.65608526239933,1,22
257,28,98.65608526239933,1,22
257,29,98.65608526239933,1,22
257,30,98.65608526239933,1,22
257,31,98.65608526239933,1,23
257,33,98.65608526239933,1,23
257,35,98.65608526239933,1,23
257,36,98.65608526239933,1,23
258,3,100.43498914454224,4,24
258,3,100.43500045955689,1,20
258,5,99.1700785220315,2,20
258,26,98.65471745267902,1,11
258,28,98.65471745267902,1,11
258,29,98.65475495267901,1,9
258,30,98.6547591193457,1,10
258,31,98.65476328601235,1,8
258,32,98.6547716193457,1,6
258,33,98.65477578601235,1,7
258,35,98.65747272046761,1,21
258,36,98.65747272046761,1,21
259,3,99.59210618549339,1,21
259,3,99.59210618549339,3,22
259,25,98.65679223685379,1,11
259,26,98.65679223685379,1,11
259,28,98.65682557018712,1,9
259,30,98.6568297368538,1,10
259,31,98.65683390352046,1,8
259,34,98.6568422368538,1,6
259,35,98.65684640352046,1,7
259,36,98.65816153741476,1,23
260,3,99.98157056193187,1,23
260,25,98.65782754560786,1,11
260,26,98.65782754560786,1,11
260,27,98.65785671227452,1,9
260,28,98.6578608789412,1,10
260,29,98.65786504560785,1,8
260,31,98.65787337894119,1,6
260,33,98.658503862555,1,23
260,34,98.658503862555,1,24
260,35,98.658503862555,1,24
260,36,98.658503862555,1,24
261,11,96.46306796421314,3,1
261,9,96.22606150949517,2,2
261,25,98.64575936203526,1,1001
261,26,98.64575936203526,1,1001
261,29,98.64575936203526,1,1001
261,30,98.64575936203526,1,1001
261,33,98.64575936203526,1,1001
261,34,98.64575936203526,1,1001
261,35,98.64575936203526,1,1001
261,36,98.64575936203526,1,1001
262,11,96.25156131219725,3,3
262,9,96.25153214553058,2,3
262,9,97.91157555539112,2,4
262,10,97.91156305539113,2,4
262,10,96.44967465028728,2,5
262,8,96.4496704836206,1,5
262,26,98.64261352870193,1,1001
262,27,98.64261352870193,1,1001
262,28,98.64261352870193,1,1001
262,29,98.64261352870193,1,1001
262,30,98.64261352870193,1,1001
262,32,98.64261352870193,1,1001
262,33,98.64261352870193,1,1001
262,34,98.64261352870193,1,1001
262,35,98.64261352870193,1,1001
263,12,100.19807328628659,1,1001
263,13,100.19807328628659,1,1001
263,14,100.19807328628659,1,1001
263,15,100.19807328628659,1,1001
263,16,100.19807328628659,1,1001
263,17,100.19807328628659,1,1001
263,18,100.19807328628659,1,1002
263,19,100.19807328628659,1,1002
263,25,98.64104373703526,1,1002
263,26,98.64104373703526,1,1002
263,27,98.64104373703526,1,1002
263,30,98.64104373703526,1,1002
263,31,98.64104373703526,1,1002
263,32,98.64104373703526,1,1002
263,33,98.64104373703526,1,1002
263,34,98.64104373703526,1,1002
263,35,98.64104373703526,1,1002
263,36,98.64104373703526,1,1002
264,4,99.33400568383263,3,1002
264,25,98.64025884120193,1,1002
264,27,98.64025884120193,1,1002
264,28,98.64025884120193,1,1002
264,29,98.64025884120193,1,1002
264,31,98.64025884120193,1,1002
264,32,98.64025884120193,1,1002
264,33,98.64025884120193,1,1002
264,36,98.64025884120193,1,1002
265,12,99.45777211713639,1,1002
265,13,99.45777211713639,1,1002
265,14,99.45777211713639,1,1002
265,15,99.45777211713639,1,1002
265,16,99.45777211713639,1,1002
265,17,99.45777211713639,1,1002
265,18,99.45777211713639,1,1002
265,19,99.45777211713639,1,1002
265,27,98.63986639328526,1,1003
265,28,98.63986639328526,1,1003
265,29,98.63986639328526,1,1003
265,30,98.63986639328526,1,1003
265,31,98.63986639328526,1,1003
265,33,98.63986639328526,1,1003
265,34,98.63986639328526,1,1003
265,36,98.63986639328526,1,1003
266,25,98.63967016932693,1,1003
266,26,98.63967016932693,1,1003
266,27,98.63967016932693,1,1003
266,28,98.63967016932693,1,1003
266,29,98.63967016932693,1,1003
266,30,98.63967016932693,1,1003
266,31,98.63967016932693,1,1003
266,32,98.63967016932693,1,1003
266,34,98.63967016932693,1,1003
266,35,98.63967016932693,1,1003
266,36,98.63967016932693,1,1003
267,2,100.39407027403072,2,1003
267,5,99.76780229583983,1,1003
267,12,108.41757920023227,5,1003
267,13,108.41757920023227,5,1003
267,14,108.41757920023227,4,1003
267,14,108.41757920023227,1,1004
267,15,108.41757920023227,5,1004
267,16,108.41757920023227,5,1004
267,17,108.41757920023227,5,1004
267,18,108.41757920023227,5,1004
267,19,108.41757920023227,5,1004
267,25,98.63957205734776,1,1004
267,28,98.63957205734776,1,1004
267,30,98.63957205734776,1,1004
267,31,98.63957205734776,1,1004
267,32,98.63957205734776,1,1004
267,33,98.63957205734776,1,1004
267,34,98.63957205734776,1,1004
267,36,98.63957205734776,1,1004
268,11,96.99522774126973,3,3
268,9,96.99520274126972,2,3
268,26,98.63952300135819,1,1004
268,27,98.63952300135819,1,1004
268,28,98.63952300135819,1,1004
268,29,98.63952300135819,1,1004
268,31,98.63952300135819,1,1005
268,32,98.63952300135819,1,1005
268,33,98.63952300135819,1,1005
268,34,98.63952300135819,1,1005
268,35,98.63952300135819,1,1005
268,36,98.63952300135819,1,1005
269,25,98.63950159836338,1,1005
269,26,98.63950159836338,1,1005
269,27,98.63950159836338,1,1005
269,28,98.63950159836338,1,1005
269,29,98.63950159836338,1,1005
269,30,98.63950159836338,1,1005
269,31,98.63950159836338,1,1005
269,32,98.63950159836338,1,1005
269,33,98.63950159836338,1,1005
269,34,98.63950159836338,1,1005
269,35,98.63950159836338,1,1005
270,5,100.42330903344508,2,1005
270,25,98.639490896866,1,1005
270,26,98.639490896866,1,1005
270,27,98.639490896866,1,1005
270,28,98.639490896866,1,1005
270,29,98.639490896866,1,1005
270,30,98.639490896866,1,1005
270,31,98.639490896866,1,1005
270,34,98.639490896866,1,1005
270,35,98.639490896866,1,1005
271,11,97.32717944938908,2,1
271,25,98.6394855461173,1,1005
271,26,98.6394855461173,1,1005
271,27,98.6394855461173,1,1005
271,28,98.6394855461173,1,1005
271,29,98.6394855461173,1,1005
271,30,98.6394855461173,1,1005
271,31,98.6394855461173,1,1005
271,32,98.6394855461173,1,1005
271,33,98.6394855461173,1,1005
271,34,98.6394855461173,1,1006
272,25,98.63948495407628,1,1006
272,26,98.63948495407628,1,1006
272,27,98.63948495407628,1,1006
272,29,98.63948495407628,1,1006
272,33,98.63948495407628,1,1006
272,34,98.63948495407628,1,1006
272,36,98.63948495407628,1,1006
273,11,91.10121566374474,3,12
273,9,91.10117816374473,3,13
273,10,91.10115733041141,3,14
273,10,91.10115733041141,1,15
273,8,91.10114066374473,2,15
273,8,91.10114066374473,2,16
273,6,91.10112816374473,1,16
273,6,91.10112816374473,3,17
273,6,91.10112816374473,1,18
273,7,91.10112816374473,2,18
273,7,91.10112816374473,3,19
273,25,98.63948465805578,1,1006
273,27,98.63948465805578,1,1006
273,28,98.63948465805578,1,1006
273,29,98.63948465805578,1,1006
273,30,98.63948465805578,1,1006
273,31,98.63948465805578,1,1006
273,32,98.63948465805578,1,1006
273,34,98.63948465805578,1,1006
273,35,98.63948465805578,1,1006
273,36,98.63948465805578,1,1006
274,2,97.02941959155518,3,3
274,5,96.90013057378138,2,3
274,25,98.50940047848701,2,11
274,27,98.50940047848701,1,11
274,27,98.509412978487,1,9
274,31,98.509412978487,1,9
274,31,98.50942964515366,1,10
274,33,98.50942964515366,1,10
274,33,98.50944631182034,1,8
274,34,98.50945464515367,1,6
274,34,98.50945464515367,1,7
274,35,98.5961189008525,2,1006
275,11,96.16347680434899,2,4
275,9,96.16346430434899,1,4
275,11,88.60431518502321,2,12
275,9,88.60429435168987,3,12
275,10,88.60427351835654,4,13
275,8,88.60426101835654,1,13
275,8,88.60426101835654,3,14
275,6,88.6042526850232,2,14
275,6,88.6042526850232,2,15
275,7,88.6042526850232,3,15
275,7,88.6042526850232,1,16
275,4,88.52063873640353,2,16
275,5,88.32215438754734,1,16
275,1,88.26476202130999,1,16
275,1,88.26476202130999,4,17
275,2,88.24372768796025,1,17
275,2,88.24372768796025,1,18
275,5,88.23531530243727,3,18
275,1,88.23348619441717,1,18
275,1,88.23348619441717,2,19
275,1,88.22097481262807,3,19
275,25,98.57443512859447,1,11
275,26,98.57443512859447,1,11
275,27,98.57443512859447,1,11
275,28,98.57445596192781,1,9
275,29,98.57445596192781,1,9
275,30,98.57447679526113,1,10
275,32,98.57448929526115,1,8
275,34,98.57449762859447,1,6
275,35,98.57449762859447,1,7
275,36,98.61779850644389,1,1006
276,1,96.33405877114097,1,4
276,1,98.16916359687644,1,6
276,1,98.16916359687644,1,7
276,1,98.1691552635431,1,8
276,1,98.16913026354311,1,9
276,25,98.31805205983083,3,11
276,26,98.31807289316416,1,9
276,26,98.31808539316417,2,10
277,25,98.62633635093937,1,11
277,26,98.62633635093937,1,11
277,27,98.62636135093936,1,9
277,28,98.62636135093936,1,9
277,29,98.62637385093936,1,10
277,30,98.6263821842727,1,8
277,31,98.62639051760604,1,6
277,33,98.62639051760604,1,7
278,25,98.63291660648733,1,11
278,26,98.63291660648733,1,11
278,27,98.63294160648732,1,9
278,28,98.63294160648732,1,9
278,29,98.63294993982065,1,10
278,31,98.63295827315397,1,8
278,33,98.63296660648732,1,6
278,34,98.63296660648732,1,7
278,35,98.6372895546304,1,1006
278,36,98.6372895546304,1,1006
279,25,98.63620465092795,1,11
279,26,98.63620465092795,1,11
279,29,98.63622965092796,1,9
279,30,98.63623381759461,1,10
279,31,98.63624215092796,1,8
279,32,98.6362504842613,1,6
279,34,98.6362504842613,1,7
279,35,98.63838279166616,1,1006
280,3,98.58691493584179,3,1006
280,25,98.63784658981494,1,11
280,26,98.63784658981494,1,11
280,27,98.63786742314828,1,9
280,28,98.63787158981495,1,10
280,29,98.63787992314828,1,8
280,30,98.6378882564816,1,6
280,31,98.6378882564816,1,7
280,36,98.6389273268507,1,1006
281,25,98.62607380925844,1,1001
281,27,98.62607380925844,1,1001
281,29,98.62607380925844,1,1001
281,31,98.62607380925844,1,1001
281,32,98.62607380925844,1,1001
281,34,98.62607380925844,1,1001
281,36,98.62607380925844,1,1001
282,3,99.9959505870808,2,1001
282,26,98.62292589259178,1,1001
282,27,98.62292589259178,1,1001
282,29,98.62292589259178,1,1001
282,30,98.62292589259178,1,1001
282,31,98.62292589259178,1,1001
282,32,98.62292589259178,1,1001
282,35,98.62292589259178,1,1001
282,36,98.62292589259178,1,1001
283,25,98.62135193425844,1,1001
283,26,98.62135193425844,1,1001
283,27,98.62135193425844,1,1001
283,28,98.62135193425844,1,1001
283,29,98.62135193425844,1,1001
283,31,98.62135193425844,1,1001
283,32,98.62135193425844,1,1002
283,34,98.62135193425844,1,1002
283,35,98.62135193425844,1,1002
283,36,98.62135193425844,1,1002
284,11,98.46053478118182,3,2
284,12,105.02225511611289,3,1002
284,13,105.02225511611289,3,1002
284,14,105.02225511611289,3,1002
284,15,105.02225511611289,3,1002
284,16,105.02225511611289,3,1002
284,17,105.02225511611289,3,1002
284,18,105.02225511611289,3,1002
284,19,105.02225511611289,3,1002
284,25,98.62056495509178,1,1002
284,26,98.62056495509178,1,1002
284,27,98.62056495509178,1,1002
284,28,98.62056495509178,1,1003
284,29,98.62056495509178,1,1003
284,30,98.62056495509178,1,1003
284,31,98.62056495509178,1,1003
284,32,98.62056495509178,1,1003
284,33,98.62056495509178,1,1003
284,34,98.62056495509178,1,1003
284,35,98.62056495509178,1,1003
284,36,98.62056495509178,1,1003
285,5,99.84006175639911,1,1003
285,26,98.62017459050844,1,1003
285,28,98.62017459050844,1,1003
285,29,98.62017459050844,1,1003
285,30,98.62017459050844,1,1003
285,31,98.62017459050844,1,1003
285,32,98.62017459050844,1,1003
285,33,98.62017459050844,1,1003
285,34,98.62017459050844,1,1003
285,36,98.62017459050844,1,1003
286,12,99.35101683591886,1,1003
286,13,99.35101683591886,1,1003
286,14,99.35101683591886,1,1003
286,15,99.35101683591886,1,1003
286,16,99.35101683591886,1,1003
286,17,99.35101683591886,1,1003
286,18,99.35101683591886,1,1003
286,19,99.35101683591886,1,1003
286,25,98.61997940821678,1,1003
286,26,98.61997940821678,1,1003
286,27,98.61997940821678,1,1003
286,28,98.61997940821678,1,1003
286,30,98.61997940821678,1,1003
286,31,98.61997940821678,1,1003
286,33,98.61997940821678,1,1003
286,35,98.61997940821678,1,1003
287,11,97.22895876470213,3,1
287,9,97.22892959803545,2,1
287,25,98.61988181707093,1,1003
287,26,98.61988181707093,1,1004
287,28,98.61988181707093,1,1004
287,30,98.61988181707093,1,1004
287,31,98.61988181707093,1,1004
287,32,98.61988181707093,1,1004
287,33,98.61988181707093,1,1004
287,35,98.61988181707093,1,1004
287,36,98.61988181707093,1,1004
288,11,95.49752956324066,1,12
288,11,95.49752956324066,1,13
288,11,95.49752956324066,1,14
288,9,95.49749622990734,1,15
288,9,95.49749622990734,1,16
288,9,95.49749622990734,1,17
288,9,95.49749622990734,1,18
288,10,95.49748372990733,1,19
288,25,98.61983614649802,1,1004
288,26,98.61983614649802,1,1004
288,27,98.61983614649802,1,1004
288,29,98.61983614649802,1,1004
288,30,98.61983614649802,1,1004
288,32,98.61983614649802,1,1004
288,33,98.61983614649802,1,1004
288,34,98.61983614649802,1,1004
288,35,98.61983614649802,1,1004
288,36,98.61983614649802,1,1004
289,10,96.09430496891136,3,2
289,8,96.09429663557802,1,2
289,26,98.61980185287823,1,1004
289,27,98.61980185287823,1,1004
289,28,98.61980185287823,1,1004
289,29,98.61980185287823,1,1004
289,31,98.61980185287823,1,1004
289,34,98.61980185287823,1,1004
289,36,98.61980185287823,1,1004
290,2,99.20305828776476,4,1004
290,11,97.03267545586414,3,4
290,9,97.03264628919747,2,4
290,26,98.61979928940167,1,1004
290,28,98.61979928940167,1,1004
290,29,98.61979928940167,1,1004
290,30,98.61979928940167,1,1004
290,31,98.61979928940167,1,1004
290,33,98.61979928940167,1,1004
290,35,98.61979928940167,1,1004
290,36,98.61979928940167,1,1004
291,25,98.61979696599673,1,1004
291,26,98.61979696599673,1,1005
291,28,98.61979696599673,1,1005
291,30,98.61979696599673,1,1005
291,31,98.61979696599673,1,1005
291,32,98.61979696599673,1,1005
291,33,98.61979696599673,1,1005
291,34,98.61979696599673,1,1005
292,11,97.3440383820453,2,1
292,9,97.34402171537863,3,1
292,10,97.70540603264475,3,5
292,12,106.65761524854096,4,1005
292,13,106.65761524854096,4,1005
292,14,106.65761524854096,4,1005
292,15,106.65761524854096,4,1005
292,16,106.65761524854096,4,1005
292,17,106.65761524854096,4,1005
292,18,106.65761524854096,4,1005
292,19,106.65761524854096,2,1005
292,19,106.65761524854096,2,1006
292,25,98.61979580429426,1,1006
292,26,98.61979580429426,1,1006
292,27,98.61979580429426,1,1006
292,30,98.61979580429426,1,1006
292,32,98.61979580429426,1,1006
292,33,98.61979580429426,1,1006
292,34,98.61979580429426,1,1006
292,35,98.61979580429426,1,1006
293,9,97.12886900088532,1,5
293,27,98.61979326014549,1,9
293,29,98.61979326014549,1,9
293,33,98.61979418177634,1,1006
293,35,98.61979418177634,1,1006
293,36,98.61979418177634,1,1006
294,9,98.443967058108,3,5
294,11,98.44395872477466,2,5
294,25,98.61978978470196,1,9
294,27,98.61978978470196,1,9
294,28,98.61979441218406,1,1006
294,30,98.61979441218406,1,1006
294,31,98.61979441218406,1,1006
294,33,98.61979441218406,1,1006
294,34,98.61979441218406,1,1006
294,35,98.61979441218406,1,1006
295,3,100.79513517177085,5,1006
295,9,97.48667318357795,2,5
295,27,98.61979325531354,1,9
295,28,98.61979325531354,1,9
295,29,98.61979556905459,1,1006
295,30,98.61979556905459,1,1006
295,34,98.61979556905459,1,1006
295,36,98.61979556905459,1,1006
296,5,100.32837092895652,1,1006
296,25,98.61979614748985,1,1006
296,26,98.61979614748985,1,1006
296,27,98.61979614748985,1,1006
296,29,98.61979614748985,1,1006
296,31,98.61979614748985,1,1006
296,32,98.61979614748985,1,1006
296,34,98.61979614748985,1,1006
296,35,98.61979614748985,1,1006
296,36,98.61979614748985,1,1006
297,27,98.61979435337415,1,1006
297,28,98.61979435337415,1,1006
297,29,98.61979435337415,1,1006
297,30,98.61979435337415,1,1006
297,31,98.61979435337415,1,1006
297,32,98.61979435337415,1,1006
297,33,98.61979794160555,1,9
297,34,98.61979794160555,1,9
297,36,98.61981044160555,1,11
298,5,100.87446663367524,2,11
298,5,100.87447496700858,2,10
298,25,98.61980731660555,1,11
298,26,98.61980731660555,1,11
298,27,98.61980731660555,1,11
298,28,98.61981564993889,1,9
298,29,98.61981564993889,1,9
298,31,98.61983648327222,1,10
298,32,98.61983648327222,1,10
298,33,98.61986148327222,1,8
298,35,98.61987398327221,1,6
298,36,98.61987398327221,1,7
299,5,99.39758944937205,4,1006
299,25,98.72004389003862,3,11
299,26,98.7200730567053,2,9
299,26,98.72009389003863,1,10
299,28,98.72011472337196,1,8
299,28,98.72012722337196,1,6
299,28,98.72012722337196,1,7
299,33,98.72661332184853,3,1006
299,34,98.72661332184853,3,1006
299,35,98.72661332184853,3,1006
299,36,98.72661332184853,3,1006
300,11,96.77295306036216,3,1
300,9,96.77292389369549,1,1
300,3,99.37914394913699,1,20
300,9,97.97999571301088,2,4
300,25,98.73467124710976,3,11
300,28,98.73469624710975,2,9
300,28,98.73472541377643,1,10
300,29,98.73474624710977,1,8
300,29,98.7444228184905,2,20
300,30,98.7444228184905,1,20
300,30,98.7444228184905,2,21
300,31,98.7444228184905,2,21
300,31,98.7444228184905,1,22
300,34,98.7444228184905,3,22
300,36,98.7444228184905,3,23
301,11,96.54616933603606,3,1
301,9,96.54614433603606,2,1
301,9,97.79884507471579,1,2
301,10,97.79881590804911,3,2
301,12,102.94356774967089,2,1001
301,13,102.94356774967089,2,1001
301,14,102.94356774967089,2,1001
301,15,102.94356774967089,2,1001
301,16,102.94356774967089,2,1001
301,17,102.94356774967089,2,1001
301,18,102.94356774967089,2,1001
301,19,102.94356774967089,2,1001
301,26,98.72943492564532,3,1001
301,27,98.72943492564532,3,1001
301,28,98.72943492564532,1,1001
301,28,98.72943492564532,2,1002
301,29,98.72943492564532,3,1002
301,30,98.72943492564532,3,1002
301,31,98.72943492564532,3,1002
301,32,98.72943492564532,3,1002
301,34,98.72943492564532,3,1002
301,35,98.72943492564532,3,1002
301,36,98.72943492564532,3,1002
302,11,97.71669717310712,3,2
302,11,92.72561727760895,2,12
302,9,92.72560894427562,2,13
302,9,92.72560894427562,1,14
302,10,92.72558394427561,1,14
302,10,92.72558394427561,2,15
302,10,92.72558394427561,1,16
302,8,92.72555061094228,1,16
302,8,92.72555061094228,2,17
302,8,92.72555061094228,1,18
302,6,92.72554227760895,1,18
302,6,92.72554227760895,2,19
302,25,98.72629742564533,3,1002
302,26,98.72629742564533,3,1002
302,27,98.72629742564533,2,1002
