time,buyer,seller,price,qty
0,2,10,104.84130011523887,1
0,2,5,104.95971004942089,3
0,10,4,98.1818511173218,4
0,7,5,105.76669470904878,2
0,7,6,105.76669470904878,2
0,8,6,105.76669470904878,3
0,8,5,106.60234656695592,1
0,9,5,106.60234656695592,2
0,9,6,106.60234656695592,1
0,9,5,106.71493607474963,1
1,10,1,96.37618407324166,1
1,3,1,96.01775457691303,4
2,3,1,104.75353766409157,2
2,10,1,99.87593136163989,1
3,2,3,97.20584283099845,1
3,4,1,100.56379657641737,1
3,4,10,100.93993256609286,4
3,2,7,70.44931766987159,3
3,3,7,70.22584930474238,1
3,10,7,70.07473498527395,20
3,5,8,69.88906831207875,5
3,6,8,69.88906831207875,4
3,5,8,69.38710184802142,2
3,6,8,69.38710184802142,2
3,5,8,69.38628558161855,3
3,6,8,69.38628558161855,4
3,4,8,69.35931847328696,2
3,5,8,69.35730286039437,2
3,5,9,69.35730286039437,2
3,6,9,69.35730286039437,1
3,5,9,69.34339127787953,2
3,6,9,69.34339127787953,5
3,5,9,69.34221826567651,5
3,6,9,69.34221826567651,2
3,5,9,69.34156525255422,4
3,6,9,69.34156525255422,3
4,3,10,101.38339457600117,4
5,1,10,103.98498807943069,2
5,1,10,104.20798612102777,1
5,10,2,97.70526513779048,2
5,5,3,95.96966000050409,1
5,4,10,105.51594005367345,2
5,4,5,106.36102637521759,1
6,10,1,94.8781811188295,1
6,5,1,93.73473198495873,1
6,5,2,97.131982672584,2
6,6,2,97.131982672584,3
6,6,3,95.3908392707348,2
6,5,3,95.28212772545623,1
6,7,5,144.3202560363066,1
6,7,6,144.3202560363066,3
6,7,5,144.32042251105906,5
6,7,6,144.32042251105906,5
6,7,5,144.37829058116054,2
6,7,6,144.37829058116054,4
6,7,5,144.39866466863904,5
6,7,6,144.39866466863904,5
6,7,3,144.4055522572234,1
6,7,5,144.40866087687846,4
6,8,6,144.40866087687846,3
6,8,5,144.4090312143801,1
6,8,6,144.4090312143801,3
6,8,5,144.41657949298965,2
6,8,6,144.41657949298965,1
6,8,5,144.4277334786842,3
6,8,6,144.4277334786842,1
6,8,5,144.43871749427967,5
6,8,6,144.43871749427967,2
6,8,5,144.43988638579867,4
6,8,6,144.43988638579867,2
6,8,5,144.4405728867734,4
6,8,6,144.4405728867734,4
6,9,6,144.4405728867734,1
6,9,5,144.44180605344837,1
6,9,6,144.44180605344837,5
6,9,5,144.44403404370632,4
6,9,6,144.44403404370632,5
6,9,5,144.45643105045113,4
6,9,6,144.45643105045113,2
6,9,2,144.47498724811112,4
6,9,5,144.48690006507144,5
6,9,6,144.48690006507144,3
6,9,5,144.48775819128983,1
7,1,10,103.13663909894255,4
7,5,3,94.99001719272388,2
7,4,10,101.60478209177055,2
8,1,10,103.76328282344627,1
8,10,2,93.98142614187853,2
8,4,10,100.08932869756026,1
9,10,3,94.57669184255057,2
9,5,3,93.97847513101038,2
9,6,3,93.97847513101038,1
9,6,4,95.70429048669115,1
10,5,1,96.94749602406722,1
10,5,2,93.95635692826417,1
10,6,2,93.95635692826417,2
10,5,2,93.95635692826417,1
10,3,1,101.54231192678444,4
11,1,10,103.9246440695681,1
11,1,10,104.1610429747517,2
11,10,7,70.25263555001035,11
11,2,7,69.9277772181983,5
11,5,7,69.3694910880647,1
11,6,7,69.3694910880647,1
11,4,7,69.33981970245918,3
11,5,7,69.28038240069475,1
11,6,7,69.28038240069475,2
11,6,8,69.28038240069475,1
11,6,8,69.27643706756308,2
11,5,8,69.27532519514257,3
11,6,8,69.27532519514257,4
11,5,8,69.2648769851859,4
11,6,8,69.2648769851859,3
11,5,8,69.25426709635451,2
11,6,8,69.25426709635451,2
11,5,8,69.24708702645762,1
11,6,8,69.24708702645762,2
11,6,9,69.24708702645762,3
11,5,9,69.24673475419993,2
11,6,9,69.24673475419993,5
11,5,9,69.23722616587466,1
11,6,9,69.23722616587466,1
11,5,9,69.21784593632194,2
11,6,9,69.21784593632194,3
11,3,9,69.20596629966677,5
11,5,9,69.173056487928,2
12,10,2,96.77276564377837,2
12,5,2,95.47069454407998,1
12,6,2,95.47069454407998,2
12,5,3,95.40715410922104,3
12,6,3,95.40715410922104,1
12,5,7,70.18548960578192,2
12,6,7,70.18548960578192,4
12,6,7,69.96178027116711,2
12,5,7,69.95615877920521,5
12,6,7,69.95615877920521,3
12,5,7,69.95600042517236,5
12,6,7,69.95600042517236,1
12,5,7,69.89091383160265,1
12,5,8,69.89091383160265,1
12,6,8,69.89091383160265,1
12,5,8,69.88738581477165,2
12,6,8,69.88738581477165,3
12,2,8,69.87287482300717,5
12,5,8,69.87121852148574,5
12,6,8,69.87121852148574,4
12,5,8,69.84890308849054,2
12,5,9,69.84890308849054,2
12,6,9,69.84890308849054,2
12,2,9,69.81200257677281,3
12,1,9,69.59815964878155,5
12,5,9,69.54558814838322,5
12,6,9,69.54558814838322,4
12,5,9,69.52792079781582,1
12,6,9,69.52792079781582,1
13,1,10,102.45025454233485,2
13,4,10,103.35846826617248,2
13,4,5,103.7501740430161,1
13,7,5,115.03495990265148,4
13,7,6,115.03495990265148,4
13,7,6,115.5018470900886,5
13,8,2,115.57415229609597,5
13,8,5,115.86274982522878,3
13,8,6,115.86274982522878,5
13,9,5,115.9579557672015,5
13,9,6,115.9579557672015,2
13,9,5,116.11938167383128,2
13,9,6,116.11938167383128,3
13,9,5,116.1396218330573,1
14,7,1,126.07176339103708,2
14,7,6,126.92121146623396,3
14,7,5,126.95092552306977,2
14,7,6,126.95092552306977,3
14,7,5,126.95092552306977,1
14,7,6,126.95092552306977,3
14,7,5,126.95183996779306,3
14,7,6,126.95183996779306,1
14,7,5,126.97153365574292,2
14,8,6,126.97153365574292,4
14,8,5,126.97447143542252,2
14,8,6,126.97447143542252,2
14,8,5,126.97472700856295,2
14,8,6,126.97472700856295,3
14,8,5,126.97863117877691,1
14,8,6,126.97863117877691,3
14,8,5,127.01885830038779,3
14,9,5,127.01885830038779,2
14,9,6,127.01885830038779,2
14,9,5,127.02353386646382,2
14,9,6,127.02353386646382,4
14,9,5,127.02627987036269,1
14,9,6,127.02627987036269,2
14,9,1,127.03047524974379,5
14,9,5,127.10600734059179,2
15,3,1,98.38372204245786,4
15,10,2,95.57834223888551,5
15,10,4,95.68110796642951,2
16,3,10,103.67006563265974,1
17,10,1,97.04477059480745,4
17,10,2,97.63126989179189,3
17,3,10,105.36480823649941,3
18,10,4,95.97117833538661,4
19,10,1,96.49516651777857,4
19,10,1,96.10783190073793,1
19,2,10,102.0664045089309,1
19,2,10,102.24670387321831,3
20,1,10,105.34404441351388,1
20,1,3,105.98347712346938,3
20,10,3,96.40095962921066,1
20,10,3,95.91679135790986,4
21,4,10,101.73908578736739,1
21,4,5,102.69424186107096,3
23,4,1,98.24024837047611,1
23,10,1,97.93802755555936,2
23,2,10,102.32200646363759,2
23,7,10,144.27762257554542,6
23,7,4,144.6005527555465,2
23,7,5,145.0557801946124,1
23,7,6,145.0557801946124,2
23,7,5,145.0576809780045,5
23,7,6,145.0576809780045,1
23,7,5,145.06806820760247,4
23,7,6,145.06806820760247,2
23,7,5,145.25428918584572,3
23,7,6,145.25428918584572,3
23,7,3,145.26888387341458,2
23,7,1,145.2922091858435,1
23,7,5,145.34716780589105,4
23,8,6,145.34716780589105,2
23,8,5,145.35477093945954,1
23,8,6,145.35477093945954,1
23,8,5,145.39631985785132,2
23,8,6,145.39631985785132,4
23,8,5,145.5152490777294,2
23,8,6,145.5152490777294,2
23,8,6,145.55120203444272,3
23,8,4,145.6496121607539,1
23,8,5,145.7068612172491,3
23,8,6,145.7068612172491,1
23,8,5,145.71678150268022,2
23,8,6,145.71678150268022,5
23,8,5,145.7591666898564,1
23,8,6,145.7591666898564,1
23,8,5,145.87387433486788,5
23,9,6,145.87387433486788,4
23,9,5,145.88073797254702,5
23,9,6,145.88073797254702,4
23,9,5,145.88579192833873,5
23,9,6,145.88579192833873,3
23,9,5,145.97456421012635,1
23,9,6,145.97456421012635,1
23,9,4,146.0341344768561,3
23,9,1,146.13658117509067,5
23,9,1,146.17550105096447,2
23,9,1,146.2153248483599,3
24,10,4,97.20833494171528,2
24,2,7,64.02502228920476,1
24,10,7,63.73045235279145,1
24,5,7,63.42039462726616,5
24,6,7,63.42039462726616,5
24,5,7,63.38007701019614,1
24,6,7,63.38007701019614,1
24,5,7,63.18837543524293,2
24,6,7,63.18837543524293,5
24,3,7,63.16752481516336,5
24,5,7,63.07524764072477,3
24,5,8,63.07524764072477,1
24,6,8,63.07524764072477,3
24,5,8,63.0357254988399,5
24,6,8,63.0357254988399,3
24,5,8,63.02849324983571,3
24,6,8,63.02849324983571,5
24,5,8,62.983037989965204,1
24,6,8,62.983037989965204,1
24,5,8,62.940145294182834,1
24,6,8,62.940145294182834,1
24,2,8,62.907098770209785,2
24,4,8,62.81259002996685,3
24,4,9,62.81259002996685,2
24,5,9,62.76300826609779,4
24,6,9,62.76300826609779,5
24,5,9,62.753127730626574,5
24,6,9,62.753127730626574,1
24,5,9,62.75131966837552,2
24,6,9,62.75131966837552,3
24,4,9,62.565898673993416,1
24,1,9,62.30111626872933,4
24,3,9,62.145624179007974,2
25,10,2,99.85818481957554,1
25,5,4,92.79571164840725,4
25,5,3,97.26274083686944,1
25,6,3,97.26274083686944,3
25,7,3,140.90860944455764,1
25,7,2,142.30548196985617,4
25,7,10,142.54506390242835,4
25,7,5,143.6858070349733,4
25,7,6,143.6858070349733,3
25,7,5,143.74363535983588,5
25,7,6,143.74363535983588,4
25,7,1,144.6017503762804,2
25,7,3,144.67805950262292,4
25,7,2,144.7184273580234,1
25,7,4,144.7569294709594,3
25,8,4,144.7569294709594,2
25,8,1,144.82227849738507,4
25,8,1,144.85635305281613,1
25,8,2,144.89691372000044,1
25,8,3,144.9188124743548,1
25,8,1,145.00267419252387,2
25,8,3,145.03048078266232,1
25,8,1,145.15792790771076,5
25,8,4,145.2890646685213,5
25,8,3,145.45463194992692,3
25,8,4,145.5049493202986,1
25,8,2,145.51708252450896,1
25,8,3,145.5227267059837,4
25,8,3,145.5694707318555,4
25,9,3,145.5694707318555,1
25,9,4,145.6175962113554,2
25,9,4,145.83904904847455,1
25,9,2,145.89292930921144,4
25,9,3,145.8972582672645,4
25,9,4,146.0932094269765,5
25,9,1,146.1717431394501,1
25,9,2,146.1907703129471,1
25,9,3,146.4558595815361,4
25,9,1,146.54641446106376,3
25,9,2,146.56235403353486,2
25,9,1,146.69095384451234,5
25,9,1,146.7319349362796,2
26,6,3,92.23880951691754,3
26,4,3,92.16337215955232,1
27,10,1,94.74741131428507,1
27,4,2,104.93155758622362,2
27,4,10,105.03824682872539,1
27,10,7,66.22426208035773,20
27,5,7,65.2068606397125,2
27,6,7,65.2068606397125,2
27,5,7,64.51198144240274,1
27,6,7,64.51198144240274,2
27,6,8,64.51198144240274,3
27,5,8,64.48218758311818,1
27,6,8,64.48218758311818,3
27,5,8,64.46878007050687,4
27,6,8,64.46878007050687,4
27,1,8,64.39301844857698,2
27,4,8,64.27131662366568,4
27,6,8,64.00475813410752,2
27,3,8,63.99919585322469,1
27,3,8,63.918585143070246,3
27,1,9,63.83433486441304,1
27,4,9,63.6279026098463,2
27,4,9,63.57789737747726,5
27,6,9,63.562601953316815,1
27,4,9,63.533817111866696,2
27,2,9,63.47396405260113,5
27,2,9,63.42533020531391,3
27,2,9,63.31319810393221,5
27,3,9,63.18499346724177,3
28,1,5,100.8890728555543,3
28,1,6,100.8890728555543,2
28,10,4,98.63901021467926,1
29,10,1,94.87327794637793,2
29,4,10,100.88245444391185,1
29,4,3,101.12937856432714,1
30,1,3,104.6130527327519,2
30,1,5,105.29987260821234,3
30,3,6,104.51017687710231,2
30,3,5,104.74703403124816,1
31,1,10,102.85838355517575,2
31,1,5,103.9778219415627,3
33,10,1,94.69229453718575,1
33,10,1,94.6628539122776,1
33,10,1,94.54731383708452,2
33,10,3,98.22283566404585,1
33,2,4,96.51318392344129,4
34,10,1,95.60824545484292,1
34,3,1,94.82579888027674,1
34,5,1,94.46200474385213,2
34,6,1,94.46200474385213,1
35,4,3,96.854081407661,4
35,4,10,105.75747819042188,1
36,10,3,93.98567291843932,1
37,10,1,94.24193289399231,1
37,10,1,94.19138011047365,1
37,2,10,101.93629014856532,1
37,2,5,103.04696230727865,4
38,10,1,98.6990005695303,1
38,4,2,99.27394149009191,1
38,5,4,93.88121328985495,1
39,5,3,93.58232025772486,1
39,4,2,104.60456139289381,2
39,10,2,99.24707833681708,1
40,10,4,98.50862710657648,3
40,7,1,112.07527034678003,1
40,7,10,112.50274744528514,9
40,8,10,112.50274744528514,2
40,8,2,112.55741829161582,5
40,8,5,112.87584552491207,1
40,8,6,112.87584552491207,2
40,9,6,112.87584552491207,3
40,9,5,113.24845636549394,5
40,9,6,113.24845636549394,2
41,10,1,94.99512839145697,2
41,4,5,102.36478441924302,1
41,4,6,102.36478441924302,4
41,7,5,117.25228323063087,1
41,7,6,117.25228323063087,2
41,7,2,117.26116026876763,1
41,7,5,117.29820986997535,3
41,7,6,117.29820986997535,3
41,7,5,117.31263651169255,2
41,8,5,117.31263651169255,2
41,8,6,117.31263651169255,1
41,8,5,117.32411817152868,3
41,8,6,117.32411817152868,5
41,8,5,117.32772483195797,1
41,9,5,117.32772483195797,4
41,9,6,117.32772483195797,4
41,9,5,117.33149691202433,4
41,3,10,100.68718228673346,4
42,1,10,104.19347880628334,2
42,10,2,97.80470061995027,2
42,10,2,97.62293923430059,2
42,10,4,97.05848505705953,3
43,1,10,103.91697434655845,1
43,1,3,103.98252030924581,2
43,1,10,104.13281086982931,2
43,10,3,98.88474267518549,1
43,10,4,95.2815629683195,1
44,10,2,95.53538898931538,2
44,5,2,94.89142658456845,1
44,4,10,102.99303933640775,2
44,4,5,103.8603118347733,2
45,2,10,100.62341076180181,1
45,2,3,99.48221896081833,3
45,1,3,98.23591345330287,1
45,5,3,98.19723836420421,1
45,6,4,95.93883028884528,1
46,10,1,99.54318360755676,4
47,2,10,104.58448108575146,3
47,3,10,105.27877190959364,4
47,3,5,106.00332911901343,1
47,4,10,100.7296545534935,1
48,4,1,96.08594477167753,3
48,2,5,105.60388816630132,1
48,4,5,104.387603466603,3
48,4,6,104.387603466603,1
49,10,3,99.5056027757876,2
49,1,3,99.36539609380316,2
50,2,10,104.38235681207013,2
50,2,4,104.61860418011742,1
51,1,4,102.5954399666997,1
51,1,10,102.70716903806598,2
51,2,10,102.81960381896823,1
51,3,10,101.88539949967594,4
52,1,10,102.79316928091207,2
52,10,4,95.74433909649437,2
52,1,4,95.49992440925287,2
53,10,1,95.56266191449848,1
53,5,1,95.11044640708421,2
53,6,1,95.11044640708421,1
53,2,10,106.29426893403445,3
53,3,10,102.46392043104983,1
54,1,10,103.25175860300213,2
54,2,10,101.699942733655,2
54,6,3,94.14539667941364,3
55,1,10,104.7761915828967,5
55,10,2,94.94265481933431,3
55,3,2,94.55487210295324,1
56,1,3,96.26968268404535,1
56,6,3,96.07506823275239,2
57,10,1,97.33606444826272,1
57,3,10,100.72771988613631,1
59,2,10,103.49735566826692,1
59,2,10,103.56236745271931,2
59,3,1,104.1246728346556,1
59,3,5,104.41861802593876,4
59,10,4,96.05947912945834,1
59,10,4,95.92166593557923,4
60,10,1,96.04768678445132,1
60,10,1,95.89167323821552,1
60,5,1,95.28802932930228,1
60,3,6,104.95280266145716,2
60,3,1,104.9755154058347,1
60,3,4,104.97981145651619,1
60,7,4,104.44254765803106,2
60,8,5,104.55763172824331,2
60,9,5,104.55763172824331,2
61,3,10,102.92500008083633,5
62,1,10,103.72250609275065,2
62,2,10,104.68645070380941,2
62,2,5,105.43362443834525,1
62,2,6,105.43362443834525,2
62,4,6,102.43517934800265,2
62,4,6,102.52647400863123,3
63,2,10,100.93608211085197,1
63,2,3,98.78545695782682,2
63,2,4,98.39554618330473,1
63,10,4,97.35215467801274,3
64,2,5,106.0598169532229,1
65,1,7,103.73178558492818,1
65,1,8,103.73178558492818,1
65,2,10,100.11034425915553,1
66,2,1,96.29676364309023,3
66,10,1,96.19316855870363,1
66,10,3,94.59743354742099,2
66,5,3,94.01170040569588,1
68,2,10,105.7634038128601,2
68,2,9,105.86506196051022,1
68,2,10,105.97677940091688,2
68,10,3,94.9459997109738,2
68,4,10,104.21843301799899,5
69,1,10,105.0508653346712,3
69,1,5,105.69055089128835,1
69,1,6,105.69055089128835,1
70,10,3,97.39364882670318,1
70,10,3,97.25531772472436,4
71,2,1,100.92389157435213,1
71,2,10,101.48334495298934,1
71,5,3,96.19095038538237,2
71,6,3,96.19095038538237,2
71,4,10,101.87631638014537,2
71,4,6,102.72721141595375,2
72,1,5,102.60592559453991,3
72,10,3,94.90305319546255,2
73,10,2,94.04053224289487,3
73,10,3,97.32705536539584,2
73,5,3,96.74369964350464,2
73,6,3,96.74369964350464,1
73,6,4,95.2032015531868,2
74,5,1,98.06362115580083,1
74,2,10,101.00177339610829,1
74,5,4,98.13011693101504,1
75,1,10,102.81658024219789,4
75,2,10,105.16526092794928,2
76,1,10,102.06157051755201,1
76,1,5,102.72528043939288,2
76,1,6,102.72528043939288,2
76,4,6,106.90525419118535,3
77,1,10,102.30994833858475,1
77,1,6,103.15358722848373,1
77,1,6,103.17953831221149,1
77,1,2,103.36319713754665,2
77,10,3,96.09013029535366,1
77,10,3,95.89617796258477,3
78,10,1,98.84684421216276,4
78,4,2,96.30878597066722,1
78,5,2,95.878882307709,3
78,6,2,95.878882307709,1
79,2,10,103.3917611480364,1
79,2,4,103.93955745205076,2
79,10,3,98.76698904655784,1
79,6,3,98.01653591857797,1
80,2,10,100.32572729362761,1
81,1,10,103.61755222941642,1
81,2,10,102.00036375866614,3
81,2,1,102.20049165644025,1
81,10,3,98.95280909598469,1
81,1,3,98.10071951854016,1
81,5,3,98.07581230211441,2
82,6,3,94.34294029763518,5
83,4,10,104.06525011353176,1
83,4,1,104.37043980293691,2
84,10,1,96.92858518150477,1
84,10,1,96.76036847563446,1
84,3,4,105.04687473501392,1
84,10,4,97.34774164789076,4
86,1,10,103.64291462186948,3
86,4,2,94.60167576208985,1
86,10,2,94.47038198387708,1
86,10,2,94.27814440913144,2
86,7,10,128.42523230369773,2
86,7,4,128.85445778635165,1
86,7,5,129.10927428884042,1
86,7,6,129.10927428884042,1
86,7,2,129.22696879876537,2
86,7,2,129.39350553485863,3
86,7,5,129.41554114911344,1
86,7,6,129.41554114911344,1
86,7,5,129.42188214080966,4
86,7,6,129.42188214080966,2
86,7,5,129.4498621169055,5
86,8,6,129.4498621169055,1
86,8,5,129.45411853587456,4
86,8,6,129.45411853587456,5
86,8,5,129.49231420572346,4
86,8,6,129.49231420572346,3
86,8,5,129.49342546858006,2
86,8,6,129.49342546858006,2
86,8,5,129.503361317069,2
86,9,6,129.503361317069,1
86,9,5,129.50800345664308,1
86,9,6,129.50800345664308,4
86,9,5,129.52774072813804,3
86,9,6,129.52774072813804,1
86,9,5,129.53594995415156,2
86,9,6,129.53594995415156,1
86,9,5,129.54531417897428,1
86,9,6,129.54531417897428,5
86,9,5,129.54618103142568,2
86,9,6,129.54618103142568,2
87,10,2,94.8244424298236,1
87,5,2,94.13390710390956,1
87,5,3,96.38410887605144,3
87,4,10,100.62303782486858,2
87,7,5,113.74888159883338,2
87,7,6,113.74888159883338,2
87,7,6,113.82679613899693,2
87,7,5,113.82795205017791,1
87,7,6,113.82795205017791,3
87,8,6,113.8291500996649,1
87,8,5,113.8308156530697,5
87,8,6,113.8308156530697,2
87,8,5,113.83537162317064,2
87,9,5,113.83537162317064,3
87,9,6,113.83537162317064,1
87,9,5,113.83868572110731,1
87,9,6,113.83868572110731,2
87,9,5,113.84604539670907,3
88,1,5,103.35794096425876,2
88,1,6,103.35794096425876,1
88,4,6,104.18241799636566,1
88,4,5,104.1834679621266,1
88,4,10,101.02152188023629,2
89,1,10,103.24838049720258,4
90,1,10,102.61683240885746,4
90,3,10,103.30817833218126,3
90,10,4,96.77027328226563,1
90,5,4,96.45179156390584,1
90,6,4,96.45179156390584,3
91,1,10,101.59486166336332,1
91,1,10,102.03621887599778,3
91,6,3,97.82793226373553,1
91,4,3,97.52428010391986,3
92,1,10,101.17665260504877,2
92,10,4,96.88133316144348,3
92,3,4,96.58837311197848,1
93,3,2,94.63273244836762,4
93,4,2,94.3501178016831,1
93,3,10,101.60473761412791,3
93,3,10,101.96946317974195,1
93,4,10,103.04218884524298,3
93,4,5,103.65977036317796,2
94,10,2,94.5642415118937,2
94,1,2,93.77715814913083,3
95,5,3,97.19391796755545,2
95,6,3,97.19391796755545,2
95,10,1,99.17225582893653,2
95,10,4,99.31398501274374,4
96,1,10,105.14820844319999,4
96,2,10,105.22021249289158,4
97,10,2,95.57828800922746,1
98,1,10,102.17420455124409,2
98,7,10,134.37638709893326,2
98,7,5,134.78228085233712,5
98,7,6,134.78228085233712,3
98,7,6,135.20082416963047,3
98,7,5,135.2293161632487,5
98,7,6,135.2293161632487,1
98,7,5,135.25800065228054,5
98,7,6,135.25800065228054,3
98,7,5,135.35573074086273,1
98,8,6,135.35573074086273,5
98,8,6,135.39448425642027,3
98,8,5,135.40663672002762,3
98,8,6,135.40663672002762,3
98,8,5,135.40928516458487,3
98,8,6,135.40928516458487,3
98,8,5,135.4263556698338,1
98,8,6,135.4263556698338,2
98,8,5,135.44058331543135,2
98,8,6,135.44058331543135,1
98,8,4,135.44101002409488,1
98,8,5,135.44414614482224,1
98,9,5,135.44414614482224,1
98,9,6,135.44414614482224,4
98,9,5,135.4473140789567,4
98,9,6,135.4473140789567,1
98,9,5,135.46335452621713,1
98,9,6,135.46335452621713,5
98,9,5,135.47098816152197,4
98,9,6,135.47098816152197,2
98,9,5,135.48308821247096,2
98,9,6,135.48308821247096,1
98,9,5,135.49622544566665,3
99,2,10,101.66806121248808,1
100,10,2,97.71019994158594,2
100,4,10,102.04551040275848,3
100,7,10,129.73422932097571,9
100,7,5,130.77671924028152,2
100,7,6,130.77671924028152,2
100,7,5,130.77766893159657,4
100,7,6,130.77766893159657,3
100,7,5,130.77773242018526,4
100,8,5,130.77773242018526,1
100,8,6,130.77773242018526,1
100,8,4,130.7784605066117,3
100,8,5,130.77958700760902,3
100,8,6,130.77958700760902,4
100,8,5,130.7805737866625,4
100,8,6,130.7805737866625,1
100,8,5,130.78217294335968,4
100,8,6,130.78217294335968,3
100,9,6,130.78217294335968,1
100,9,5,130.7947955545201,5
100,9,6,130.7947955545201,3
100,9,5,130.82040467276988,1
100,9,6,130.82040467276988,4
100,9,5,130.8468738355916,5
100,9,6,130.8468738355916,2
100,9,5,130.86505511201074,3
101,10,7,55.306138716600195,5
101,5,7,54.985844757714176,5
101,6,7,54.985844757714176,1
101,6,7,54.835015324230426,2
101,1,7,54.737121359160035,1
101,6,7,54.69121189703973,3
101,5,7,54.61237899294095,1
101,6,7,54.61237899294095,2
101,2,7,54.60836990211495,5
101,5,7,54.59487127648804,5
101,6,7,54.59487127648804,5
101,1,7,54.58390032698795,1
101,1,8,54.58390032698795,3
101,2,8,54.56008325674485,1
101,5,8,54.54986640040701,5
101,6,8,54.54986640040701,4
101,3,8,54.54863498497835,2
101,5,8,54.544463184055886,4
101,6,8,54.544463184055886,1
101,5,8,54.527168799169374,1
101,6,8,54.527168799169374,2
101,5,8,54.501990815021884,2
101,6,8,54.501990815021884,4
101,5,8,54.47763092205258,2
101,6,8,54.47763092205258,2
101,5,8,54.46562404802195,3
101,5,9,54.46562404802195,2
101,6,9,54.46562404802195,4
101,5,9,54.46410289896852,1
101,6,9,54.46410289896852,1
101,5,9,54.46316425547863,3
101,6,9,54.46316425547863,2
101,5,9,54.461400135734074,2
101,6,9,54.461400135734074,2
101,5,9,54.46133974414971,1
101,6,9,54.46133974414971,1
101,5,9,54.460436379240285,2
101,6,9,54.460436379240285,1
101,5,9,54.43643018212704,1
101,6,9,54.43643018212704,1
101,5,9,54.429168919276094,5
101,6,9,54.429168919276094,3
101,5,9,54.41391093285767,4
103,1,10,104.139333087174,1
103,1,10,104.20402503191991,1
103,2,10,105.52911975801896,1
103,2,5,106.5978095004929,3
103,10,3,97.48899618892955,1
103,10,4,97.09695346712884,1
103,6,4,95.97081254354671,1
103,5,4,95.96779914278464,1
105,10,1,94.4504396585188,1
105,2,1,103.46551349781019,4
105,4,10,104.0733632954698,5
106,5,1,96.11495799471514,1
106,6,1,96.11495799471514,2
106,2,10,105.40725849378829,2
106,2,10,105.63068712269201,3
106,3,10,102.18595333607142,2
107,1,10,104.84840285500874,1
107,1,5,105.48703363793169,2
107,10,3,99.66005281585365,1
108,10,2,94.77367703558309,2
109,10,1,97.44657907338737,1
109,10,1,97.31818261437778,3
109,4,3,96.63457211005007,2
109,6,3,96.11885875546473,3
110,10,1,99.51298233250773,1
110,4,7,64.54673202037822,1
110,5,7,64.53973022926829,5
110,6,7,64.53973022926829,1
110,5,7,64.49322187531999,2
110,6,7,64.49322187531999,1
110,5,7,64.48983284248477,1
110,6,7,64.48983284248477,2
110,5,7,64.48606700222415,2
110,6,7,64.48606700222415,4
110,5,7,64.47629922837976,2
110,6,7,64.47629922837976,5
110,5,7,64.46006143070397,2
110,6,8,64.46006143070397,5
110,5,8,64.45754217856413,1
110,6,8,64.45754217856413,4
110,5,8,64.44598251805957,3
110,6,8,64.44598251805957,1
110,5,8,64.44498377014062,5
110,6,8,64.44498377014062,3
110,5,8,64.4419713310815,4
110,6,8,64.4419713310815,2
110,6,9,64.4419713310815,2
110,5,9,64.4379831031048,5
110,6,9,64.4379831031048,4
110,5,9,64.4348306684821,2
110,6,9,64.4348306684821,4
110,5,9,64.43380597302244,3
110,6,9,64.43380597302244,4
110,5,9,64.43049694082512,3
110,6,9,64.43049694082512,1
111,3,2,101.00085205078298,2
111,6,7,65.42228512760025,2
111,5,7,65.42070082070299,4
111,6,7,65.42070082070299,1
111,5,7,65.4195612126544,5
111,6,7,65.4195612126544,2
111,5,7,65.41846168738468,1
111,6,7,65.41846168738468,1
111,5,7,65.41811119941484,3
111,6,7,65.41811119941484,3
111,5,7,65.41763712041872,1
111,6,7,65.41763712041872,4
111,5,8,65.41711274454231,1
111,6,8,65.41711274454231,3
111,5,8,65.4136820187681,4
111,6,8,65.4136820187681,5
111,5,8,65.40872968705077,2
111,6,8,65.40872968705077,4
111,5,8,65.4027604398996,2
111,6,8,65.4027604398996,1
111,5,8,65.40092091108669,3
111,6,8,65.40092091108669,2
111,6,9,65.40092091108669,3
111,5,9,65.40090760467022,1
111,6,9,65.40090760467022,1
111,5,9,65.39405683673394,4
111,6,9,65.39405683673394,4
111,5,9,65.38903753680275,2
111,6,9,65.38903753680275,5
111,5,9,65.38214643332319,4
111,6,9,65.38214643332319,1
111,5,9,65.37773073958199,2
111,10,2,98.39289420834541,1
112,10,1,98.73536006319114,2
112,2,1,100.82451721402268,3
112,2,10,101.31809848882727,1
112,10,4,96.51234392166478,4
113,10,1,98.9331783400274,5
113,10,4,96.66310251910325,2
114,1,10,102.24222916349677,1
114,10,2,98.32774212296671,1
115,3,5,103.70783720703048,1
115,4,6,104.570375473204,2
115,7,5,107.71272176882749,4
115,7,6,107.71272176882749,1
115,8,6,107.71272176882749,4
115,8,2,107.908205133587,1
115,9,2,107.908205133587,3
115,9,5,107.92864847597261,2
116,10,1,94.19971515958765,1
116,2,10,102.41405164751794,1
116,2,5,103.32008465448912,1
116,2,6,103.32008465448912,2
116,10,3,96.5260904029364,1
116,10,3,96.31869636814203,1
116,10,7,95.28757853784121,2
116,10,7,94.97419683815681,1
116,10,8,94.97419683815681,3
116,10,9,94.97419683815681,3
117,10,3,94.36439570172938,5
118,1,10,101.23950427050605,1
118,1,4,101.27452072230332,2
118,1,6,102.15745573134551,1
118,3,6,103.02534162129476,2
118,3,5,103.05942368612216,1
118,3,6,103.05942368612216,1
119,3,6,104.20555595723255,1
119,3,5,104.38070495658852,1
120,2,10,104.73164875086681,2
120,10,3,98.81784976508759,1
120,10,3,98.70901546553569,3
120,4,10,103.35351583016993,2
121,2,10,101.999601686895,1
121,3,10,101.77315596701945,2
121,10,4,96.47532451730152,1
122,4,10,103.90959354273369,3
122,4,5,104.80886048616134,2
123,10,1,98.46823197320796,1
123,10,1,98.34767614976175,1
123,10,1,97.91233895155418,2
124,1,10,105.11565531989501,1
124,1,10,105.1601800961561,1
124,3,10,100.94589087829297,1
124,4,5,105.19480208897471,1
125,2,5,102.09978077950508,3
125,2,6,102.09978077950508,2
125,10,3,97.3407542411309,3
125,10,4,97.79849616841403,2
126,5,3,94.95280594541953,2
126,6,7,69.99571583381346,4
126,1,7,69.78583398677154,2
126,10,7,69.76350316077665,2
126,5,7,69.54086958403013,5
126,6,7,69.54086958403013,3
126,2,7,69.32773246869019,5
126,5,7,69.19357632919366,1
126,6,7,69.19357632919366,1
126,5,7,69.18786208629518,1
126,6,8,69.18786208629518,5
126,5,8,69.14949372168871,4
126,6,8,69.14949372168871,2
126,5,8,69.11967518496267,3
126,6,8,69.11967518496267,1
126,5,8,69.10675301548454,1
126,6,8,69.10675301548454,3
126,5,8,69.09643419991956,4
126,6,8,69.09643419991956,1
126,6,9,69.09643419991956,4
126,5,9,69.07917937280091,5
126,6,9,69.07917937280091,2
126,5,9,69.0516360190331,3
126,6,9,69.0516360190331,2
126,5,9,69.0465534908299,3
126,6,9,69.0465534908299,4
126,5,9,69.04218484608019,1
127,1,10,105.17286484274798,1
127,2,10,101.91980012527105,1
128,10,1,96.77155968704369,3
128,10,2,94.18287981578612,5
128,3,10,103.5831066666911,2
128,4,10,101.5344731460078,3
130,10,1,98.25462198394297,2
130,10,2,98.10887412334924,4
131,1,10,105.39867906575849,1
131,1,10,105.82523976093646,1
131,10,3,97.52448011912097,1
131,5,3,96.35354937694173,1
132,4,10,100.49539214030983,1
132,4,10,100.95120802495865,2
133,10,1,96.57234710235342,1
133,10,2,98.07783733138625,3
133,3,10,103.45485843898706,3
133,7,10,133.96132611466103,6
133,7,5,134.0964590661038,4
133,7,6,134.0964590661038,1
133,7,3,134.13441973963384,5
133,7,5,134.14764849115977,5
133,7,6,134.14764849115977,5
133,7,6,134.45490156806284,1
133,8,6,134.45490156806284,1
133,8,5,134.60410456326696,2
133,8,6,134.60410456326696,4
133,8,5,134.62733857102032,1
133,8,6,134.62733857102032,4
133,8,5,134.63510965082202,2
133,8,6,134.63510965082202,4
133,8,5,134.67529988574574,2
133,8,6,134.67529988574574,3
133,8,5,134.68132024780658,3
133,8,6,134.68132024780658,1
133,9,6,134.68132024780658,2
133,9,5,134.69932900972907,3
133,9,6,134.69932900972907,3
133,9,5,134.72183551330755,5
133,9,6,134.72183551330755,5
133,9,5,134.73101593755774,3
133,9,6,134.73101593755774,4
133,9,5,134.73362801385244,2
134,10,3,97.0890315373729,3
134,10,2,99.6805349242088,2
135,10,2,97.9165194759118,3
135,10,2,99.5905100101334,3
136,1,10,105.42184656160717,1
136,3,10,104.3616128633565,2
136,3,4,104.6083310832031,3
137,3,5,105.81118593584074,1
138,1,10,103.76659342696144,3
138,10,2,94.25625466233521,1
138,4,2,94.25165153264652,1
138,10,2,94.12807277043125,1
138,10,3,97.13674880927216,1
138,10,4,96.3672012972859,1
138,2,4,96.05376499739651,1
138,5,4,95.87327259261897,3
138,5,7,90.60117285369631,1
138,6,7,90.60117285369631,1
138,5,7,90.31598027134663,5
138,6,8,90.31598027134663,4
138,5,8,90.24796797525038,3
138,5,9,90.24796797525038,2
138,6,9,90.24796797525038,3
138,2,9,90.22326386109539,2
139,2,1,101.56954604455478,1
139,2,10,102.59264139152248,2
140,2,10,103.67124937673464,1
140,10,7,95.36955090872053,3
140,10,8,95.36955090872053,3
140,10,9,95.36955090872053,3
141,10,1,95.06243851191607,1
141,10,1,94.79520294189223,2
141,2,10,105.47664196581965,2
141,3,10,101.93833349789409,3
141,4,5,102.98111317223656,2
141,4,6,102.98111317223656,1
141,4,5,103.26125394476988,2
142,2,3,97.0997577251679,5
143,1,10,105.03471230353568,1
143,2,10,100.29604595012748,1
143,2,3,99.38096129971282,2
144,2,4,101.60101824496225,1
144,2,5,101.90430042554715,3
144,2,6,101.90430042554715,1
144,10,4,98.25246652080523,2
145,2,10,104.37000116902948,3
145,2,5,105.24725738293478,1
145,10,3,97.86838895580759,1
146,10,1,97.43922190655272,1
146,10,1,97.21513353011125,4
146,2,6,107.03902900761949,4
146,3,6,104.43525843290567,1
146,3,1,104.50832951134528,2
147,2,10,102.58241808934778,1
147,10,4,95.42531010512818,5
148,3,10,103.5567131476707,3
148,4,10,101.77886044144846,4
149,2,10,104.76079235152592,2
149,2,10,104.9350435567898,1
149,7,5,122.42395716227804,5
149,7,6,122.42395716227804,4
149,7,5,122.42994616105756,5
149,7,6,122.42994616105756,3
149,8,6,122.42994616105756,1
149,8,5,122.43820333484514,3
149,8,6,122.43820333484514,2
149,8,5,122.5081679656061,4
149,8,6,122.5081679656061,5
149,8,5,122.51210640591358,2
149,9,6,122.51210640591358,1
149,9,5,122.51308723321853,4
149,9,6,122.51308723321853,5
149,9,5,122.51848739170143,3
149,9,6,122.51848739170143,4
150,2,10,101.94552666668736,1
150,10,3,95.43645585027903,1
150,5,3,94.64315822151417,2
151,3,10,103.58216216277077,1
151,3,6,104.8170142738035,1
151,3,5,104.83050969300007,3
152,1,5,106.81122533183037,2
152,2,6,106.14704336948934,2
152,2,6,106.55737491081317,1
153,1,10,102.10024582180904,2
153,4,10,103.11979981902667,4
154,1,5,104.30707323170691,1
154,1,6,104.30707323170691,2
154,2,3,98.90108107451756,1
154,10,3,97.88032690316484,1
154,10,3,97.68982776548934,3
154,10,4,97.21488092139018,5
155,2,10,105.05034627043223,3
155,3,10,102.7374552781545,1
155,1,4,97.60263267581622,1
155,7,10,144.43669968174916,8
155,7,6,145.3608184683091,1
155,7,6,145.38062677739816,2
155,7,5,145.38244175473494,5
155,7,6,145.38244175473494,1
155,7,5,145.3852710482494,2
155,7,6,145.3852710482494,1
155,7,5,145.388493479339,3
155,7,6,145.388493479339,2
155,7,5,145.3935763100092,1
155,7,6,145.3935763100092,5
155,7,5,145.39611903384335,1
155,7,6,145.39611903384335,1
155,7,5,145.3962471254796,3
155,8,5,145.3962471254796,1
155,8,6,145.3962471254796,1
155,8,5,145.39707757370877,2
155,8,6,145.39707757370877,1
155,8,5,145.40476769040936,4
155,8,6,145.40476769040936,4
155,8,5,145.40970387867932,1
155,8,6,145.40970387867932,1
155,8,5,145.44105157113492,2
155,8,6,145.44105157113492,1
155,8,5,145.44343456132026,4
155,8,6,145.44343456132026,1
155,8,5,145.4562202638948,1
155,8,6,145.4562202638948,4
155,8,5,145.48138754418275,2
155,8,6,145.48138754418275,5
155,8,5,145.48739482517857,1
155,9,5,145.48739482517857,3
155,9,6,145.48739482517857,4
155,9,5,145.49407143310708,1
155,9,6,145.49407143310708,1
155,9,5,145.4974596124528,3
155,9,6,145.4974596124528,3
155,9,5,145.4986894293559,1
155,9,6,145.4986894293559,4
155,9,5,145.4998497487256,4
155,9,6,145.4998497487256,5
155,9,5,145.55567411962426,4
155,9,6,145.55567411962426,1
155,9,5,145.56895971860527,2
156,1,10,103.12318862416333,1
156,1,5,104.55443760522206,2
156,5,2,95.9143841182723,1
156,5,3,97.05577014721858,1
157,4,5,102.3624723556504,4
158,1,10,103.68459649119492,3
158,4,10,101.25967679712852,1
158,7,10,105.86467378852565,4
158,8,10,105.86467378852565,1
158,8,2,105.97043521895762,3
158,9,6,106.5350922260535,3
158,9,5,107.02959892217345,1
159,4,2,98.01972963132066,3
159,10,4,94.1813633024567,5
160,2,10,102.53195373920038,1
160,2,10,102.57385489154586,3
160,10,3,98.39406976158207,1
160,1,3,98.05970721409167,1
160,2,3,98.04152963014242,1
160,5,3,97.90061443210787,2
160,4,1,106.68865680022269,1
162,1,10,105.13447828651687,2
162,2,10,102.59986088821924,3
162,10,3,97.92127763007389,1
162,6,3,97.29668038237295,1
162,4,10,104.69231308992697,1
163,1,10,104.84402109431085,1
163,2,10,100.79919365471487,3
164,10,1,95.44442125843968,2
164,10,3,99.09076571212512,4
164,4,2,105.70248945305164,1
165,6,1,97.89612337904894,2
165,5,1,97.7823002429162,3
165,4,10,102.94058059232748,2
166,1,2,95.22030442577616,1
166,10,3,93.93713625341294,5
166,5,4,96.31297018007174,2
166,6,4,96.31297018007174,1
166,5,4,96.28125187890176,1
166,6,4,96.28125187890176,1
167,10,3,96.89031855587646,1
167,5,3,96.09612309544163,2
167,6,3,96.09612309544163,2
168,6,1,94.18055219399506,2
168,5,1,94.04494945762316,1
168,5,2,94.38735884149531,4
168,6,3,95.40232972064585,3
168,6,7,74.62821887851183,2
168,5,7,74.51395797155618,5
168,6,7,74.51395797155618,2
168,5,7,74.48262944203796,2
168,6,7,74.48262944203796,2
168,5,7,74.47081515941551,1
168,6,7,74.47081515941551,3
168,1,7,74.45102661451168,3
168,5,8,74.42842449275827,2
168,6,8,74.42842449275827,4
168,5,8,74.42403176461917,3
168,6,8,74.42403176461917,5
168,5,8,74.41429365038235,5
168,6,8,74.41429365038235,1
168,6,9,74.41429365038235,1
168,2,9,74.40255055276863,3
168,5,9,74.38910791234181,3
168,6,9,74.38910791234181,5
168,5,9,74.38802699390504,4
168,6,9,74.38802699390504,2
168,5,9,74.3620035467264,2
169,10,3,94.66398135577987,2
169,4,10,103.57688046623801,1
169,4,10,103.65480581230457,2
169,4,2,104.10859463193945,1
169,4,5,104.40385742756476,1
170,1,5,105.72960628676992,4
170,10,2,98.63621118785034,1
170,10,2,98.48408800075453,2
170,4,6,103.85461722439149,4
170,4,5,103.94402854159148,1
171,1,10,104.64374172622485,1
171,10,4,96.38742549444417,2
172,10,1,99.0041046778572,1
172,5,2,95.13395230961733,2
172,5,3,93.60610441718657,3
174,10,1,95.32386763115869,1
174,10,1,95.28716120994008,1
174,6,1,94.47881735254848,2
174,4,10,102.79792119306438,1
175,10,1,97.77502111639023,1
175,6,1,96.92079423247537,1
175,5,3,97.20365423398943,1
175,5,7,85.25989341250516,1
175,6,7,85.25989341250516,2
175,5,7,85.25386071974015,5
175,6,7,85.25386071974015,3
175,4,8,85.25202815692691,3
175,5,8,85.23697416783182,5
175,6,8,85.23697416783182,1
175,5,8,85.22886924021567,1
175,6,8,85.22886924021567,1
175,5,9,85.22632870842676,5
175,6,9,85.22632870842676,3
175,5,9,85.21857289517844,2
175,6,9,85.21857289517844,1
176,10,1,98.71168302941862,3
176,10,4,98.72056985468782,2
177,4,10,104.6927176814144,1
177,4,2,104.75435596234246,1
178,1,2,101.4711202278662,1
178,1,3,101.50467312138395,3
178,4,3,100.45736752749303,1
179,4,2,102.66918465645495,2
179,4,10,102.7497441820554,3
180,10,3,95.57788766022395,1
180,10,3,95.46640419955587,4
181,3,1,97.64878783344903,4
181,10,1,97.31253541705766,1
181,2,10,102.7731259559636,1
181,2,10,102.79646151361129,1
181,2,10,102.97036326980253,1
181,10,7,97.59023493222821,1
181,10,8,97.59023493222821,1
181,10,9,97.59023493222821,1
183,10,1,99.3842158356031,1
183,10,1,98.91967607042739,2
183,7,10,116.41108159742846,1
183,7,10,116.57265328652873,3
183,7,5,116.58404371403212,2
183,7,6,116.58404371403212,2
183,7,5,117.31017354247933,1
183,7,6,117.31017354247933,3
183,7,1,117.32222171751465,1
183,8,1,117.32222171751465,3
183,8,5,117.33636737048016,5
183,8,6,117.33636737048016,3
183,8,5,117.37184961560779,1
183,8,6,117.37184961560779,1
183,9,5,117.52175487927197,5
183,9,6,117.52175487927197,3
183,9,5,117.53261475882579,2
183,9,6,117.53261475882579,2
183,9,5,117.53635023264235,1
184,10,1,95.78490336364236,1
184,2,5,102.9564350485982,1
184,3,6,107.29282105383898,2
184,3,5,107.31292089144391,3
184,7,5,139.95130487411134,1
184,7,6,139.95130487411134,5
184,7,2,139.96036178843985,5
184,7,4,139.9823526713351,5
184,7,5,139.99185784663416,2
184,7,6,139.99185784663416,1
184,7,5,139.9952455138414,2
184,7,6,139.9952455138414,3
184,7,5,139.99630758884916,5
184,7,6,139.99630758884916,2
184,8,5,140.0106698875087,5
184,8,6,140.0106698875087,3
184,8,5,140.01523093543696,4
184,8,6,140.01523093543696,1
184,8,5,140.01913942426012,2
184,8,6,140.01913942426012,3
184,8,5,140.0249218953866,5
184,8,6,140.0249218953866,1
184,8,5,140.05623688085063,1
184,8,6,140.05623688085063,3
184,8,5,140.0625789424754,3
184,9,5,140.0625789424754,1
184,9,6,140.0625789424754,3
184,9,5,140.07275978856435,5
184,9,6,140.07275978856435,4
184,9,5,140.09107327555824,4
184,9,6,140.09107327555824,1
184,9,5,140.09803642610086,2
184,9,6,140.09803642610086,1
184,9,5,140.11755058990857,1
184,9,6,140.11755058990857,4
184,9,5,140.1769706378665,2
184,9,6,140.1769706378665,3
185,10,4,97.9991041425317,2
186,10,7,75.68263795772762,2
186,10,7,75.23045206612167,7
186,5,7,75.05424752546784,4
186,6,7,75.05424752546784,2
186,1,7,74.89807256447493,4
186,5,7,74.56446349558934,1
186,5,8,74.56446349558934,3
186,6,8,74.56446349558934,4
186,5,8,74.54041986476193,4
186,6,8,74.54041986476193,4
186,5,8,74.49491552734892,2
186,6,8,74.49491552734892,3
186,6,9,74.49491552734892,2
186,5,9,74.48657953499655,1
186,6,9,74.48657953499655,3
186,5,9,74.48569729715294,5
186,6,9,74.48569729715294,3
186,5,9,74.48135873936754,4
186,6,9,74.48135873936754,2
187,10,1,99.8468274596867,1
187,10,1,99.85630251983926,1
188,2,1,95.64910274847065,1
188,2,1,104.25686260596862,3
188,2,7,90.72766735366696,3
188,6,7,90.07702169338503,1
188,5,7,90.06972495960424,2
188,5,8,90.06972495960424,3
188,6,8,90.06972495960424,3
188,5,9,90.06519428315323,3
188,6,9,90.06519428315323,3
189,2,1,105.2850266921146,2
189,4,10,104.34532684570848,1
190,10,1,95.57890268102166,1
190,10,1,95.44216233497619,1
190,10,2,95.5277341141925,3
191,2,10,103.20142348719408,2
192,10,3,99.3738372443623,1
192,10,3,99.21960603577507,3
192,4,3,99.16133163265505,1
192,4,10,101.12576004674277,3
193,2,10,105.48938235007681,2
193,2,10,105.71563111343946,2
194,3,10,104.89278913606626,2
194,10,4,97.92267525711492,1
195,4,1,98.15526758194423,1
195,4,2,96.01225026956953,2
195,4,10,102.65326739435756,1
196,1,10,105.33315953711175,1
196,1,10,105.5627771559422,2
196,10,2,98.94563217841795,1
196,4,2,98.74744420244879,1
197,1,2,103.4866587992725,2
197,1,10,104.49954759104432,1
197,5,2,92.60281376545265,1
197,6,2,92.60281376545265,1
197,5,4,94.98780348913617,1
198,10,3,97.84676941281356,2
198,10,1,99.37645807349224,3
199,1,5,101.8134250062734,2
199,2,6,101.60005215769138,4
200,10,3,97.1224714844474,3
200,10,3,96.68337982178485,2
201,3,10,103.28647087878736,1
201,3,6,103.42793789710885,1
201,3,10,103.56189038655523,1
202,10,2,98.0442546237582,2
202,10,3,94.49639852989219,1
203,10,1,98.80952562533531,2
203,10,1,98.40580071725311,1
203,2,10,104.54156718054116,3
203,2,1,104.93278252842035,1
203,2,3,105.21711094137407,1
203,10,3,95.44682829497756,4
203,10,4,95.82441923540031,5
204,10,1,97.38417996421295,1
204,10,1,96.86165869786211,2
204,4,3,105.95037590126668,1
204,7,3,120.20955178549242,2
204,7,5,120.31657594960079,4
204,7,6,120.31657594960079,2
204,7,1,120.41680936614657,2
204,7,1,120.42136812985282,2
204,7,5,120.43165057955707,3
204,8,5,120.43165057955707,2
204,8,6,120.43165057955707,1
204,8,5,120.50415242644684,5
204,8,6,120.50415242644684,3
204,8,5,120.50415242644684,4
204,9,6,120.50415242644684,3
204,9,5,120.5867389044572,5
204,9,6,120.5867389044572,4
204,9,5,120.59689365899399,3
205,10,2,96.65997744029501,4
205,10,3,93.39867494692265,1
205,5,3,93.04846557371856,2
205,4,10,101.3735730594959,3
206,2,10,100.57889688131002,4
206,4,5,106.18548425824244,1
206,4,6,106.18548425824244,2
206,2,10,100.4162722570984,1
207,1,6,102.150586381712,1
207,1,2,96.0857345243477,4
207,10,2,94.92213996475654,1
208,2,10,102.1544239929739,2
209,10,1,96.65033233423762,1
210,10,1,96.46692872356107,1
210,10,1,96.39222234608079,1
210,3,10,101.52038028826382,1
210,3,10,101.72699930227864,1
210,4,10,106.24112059082688,3
211,1,10,102.10330922847541,1
211,1,10,102.34290640162385,3
211,1,3,102.71560296069954,1
211,5,3,93.55480427848858,2
212,2,3,105.87306475607899,1
212,2,5,106.11325375550174,3
212,2,6,106.11325375550174,1
212,10,3,98.87274238760298,2
213,1,10,103.5410956735399,1
213,10,2,95.4727048260077,2
213,4,10,104.91917335733419,2
215,10,2,95.14336798694342,1
215,10,2,94.97373711497309,2
215,10,4,94.00177556119976,1
215,5,4,93.42335675056725,2
215,6,4,93.42335675056725,2
215,7,10,123.97258893965716,1
215,7,10,124.0582284854084,1
215,7,6,124.81060653980649,3
215,7,6,125.10116623643268,4
215,7,5,125.10767135138023,3
215,7,6,125.10767135138023,5
215,7,5,125.10939788980747,2
215,8,5,125.10939788980747,3
215,8,6,125.10939788980747,5
215,8,1,125.13316551558218,5
215,8,5,125.13702250464331,3
215,8,6,125.13702250464331,3
215,9,6,125.13702250464331,1
215,9,3,125.14818692036586,5
215,9,5,125.15834982734566,3
215,9,6,125.15834982734566,3
215,9,5,125.16870697514679,3
215,9,6,125.16870697514679,4
216,6,1,95.8380732983108,1
216,4,1,95.75930873393659,3
216,5,3,95.67202816849036,2
216,6,3,95.67202816849036,1
216,4,3,95.51661319089492,2
217,10,1,94.6094266558238,1
217,3,10,102.89254520122014,1
217,3,2,103.21868639937372,2
217,3,5,103.7484135009004,1
217,4,5,103.38481279171944,1
218,10,1,95.41632986353716,1
218,10,2,98.53751414677987,2
218,10,3,95.18466898944641,4
219,5,1,94.59221032145896,1
219,6,1,94.59221032145896,1
219,6,4,95.9117100592617,2
220,4,10,104.14461953813174,3
221,10,1,95.21329853582739,1
221,10,1,95.05014686747933,2
221,3,10,104.66544113129798,4
223,2,10,102.67149601966535,1
223,2,10,102.83308708570942,1
223,2,5,103.46399030067303,1
223,3,5,104.5805674152796,2
223,3,6,104.5805674152796,1
224,10,2,99.43384147339,1
224,10,3,97.24819847599507,1
224,10,3,97.08550235200158,2
224,10,4,97.95826575163798,4
225,5,1,96.73617737930667,1
225,5,2,97.7108367697837,4
225,4,10,103.98145528594387,1
225,7,10,115.13535698648457,7
225,7,6,115.7600708420904,4
225,7,5,115.78322042480418,1
225,8,5,115.78322042480418,2
225,8,6,115.78322042480418,1
225,8,5,115.85130993519016,5
225,8,6,115.85130993519016,3
225,8,5,116.07877026852663,1
225,9,6,116.07877026852663,2
225,9,5,116.09359789627706,1
225,9,6,116.09359789627706,3
225,9,5,116.09453176220393,2
225,9,6,116.09453176220393,3
225,9,6,116.14488004705137,1
226,1,5,104.12239567924252,4
226,2,4,95.26042089225987,2
226,10,4,94.48902166853983,2
227,4,10,102.27879762579634,3
227,7,10,118.72003593947872,7
227,7,5,119.6795511209238,1
227,7,6,119.6795511209238,2
227,7,5,119.68166170116848,1
227,7,6,119.68166170116848,2
227,7,5,119.6903368581815,2
227,8,5,119.6903368581815,1
227,8,6,119.6903368581815,2
227,8,5,119.70301259764113,4
227,8,6,119.70301259764113,4
227,8,5,119.70360139175493,4
227,9,5,119.70360139175493,1
227,9,6,119.70360139175493,5
227,9,5,119.71144869878641,5
227,9,6,119.71144869878641,1
227,9,5,119.71783813938245,3
228,2,10,101.8298883775722,1
228,2,6,103.06756937283723,1
228,10,3,96.23714304560889,2
228,10,4,98.2555380545437,1
229,1,5,107.69482217884502,2
229,1,6,107.69482217884502,1
229,1,6,107.77711404268419,1
229,1,5,107.7949413940238,1
229,2,10,101.37409264154917,4
229,3,10,100.85693709017983,5
230,10,1,98.55778712441476,1
230,10,1,98.43183424512904,1
230,5,1,97.90109934392508,1
230,6,1,97.90109934392508,1
232,10,2,98.72917594178004,2
232,10,3,99.14319771073035,1
232,10,4,98.91516736109723,1
232,7,2,103.39900540405803,1
232,7,10,103.50550940399926,1
232,8,10,103.50550940399926,1
232,8,10,103.72926523589632,1
232,9,10,103.72926523589632,1
232,9,5,104.3164662372672,1
233,1,5,102.72170233550702,1
233,1,6,102.72170233550702,4
233,10,2,96.24793299956815,2
233,10,2,96.12130036252103,1
234,2,10,102.41138382504309,3
234,10,4,99.53125256550098,2
235,2,10,105.5533344891092,1
235,2,10,105.75250208130566,3
235,6,3,95.37073250979,1
235,5,3,95.33078284326123,2
235,4,10,103.73756651984039,2
235,10,7,99.46055696609164,1
235,10,8,99.46055696609164,1
235,10,9,99.46055696609164,1
236,10,2,95.93033048088968,1
236,4,5,105.60093630427255,1
236,4,6,105.60093630427255,1
237,10,2,94.11709444237582,2
237,3,10,102.04065250369689,3
238,3,10,102.5117492865264,1
238,3,10,102.6910563197884,2
238,1,4,94.324444022904,2
239,10,1,99.22896199286642,3
239,5,3,94.06070920343669,1
239,6,3,94.06070920343669,1
239,6,4,97.46676739592097,2
239,5,4,97.45954516782706,2
239,6,4,97.45954516782706,1
239,7,10,117.394465844953,2
239,7,6,118.11169397800109,1
239,7,4,118.26011658331373,4
239,7,5,118.27356510503859,4
239,7,6,118.27356510503859,3
239,8,6,118.27356510503859,1
239,8,5,118.34655993544477,4
239,8,6,118.34655993544477,2
239,8,5,118.4680365425108,4
239,8,6,118.4680365425108,3
239,9,6,118.4680365425108,2
239,9,5,118.47336427494838,3
239,9,6,118.47336427494838,4
239,9,5,118.49490457089436,4
239,9,6,118.49490457089436,1
240,2,10,103.8674829555278,1
240,3,4,96.978161991599,1
240,3,5,101.78314476183343,3
241,10,1,99.0174540573399,2
241,10,3,94.18977955731052,5
242,10,1,96.40051607937735,1
242,6,1,95.75648756383885,1
242,3,10,101.15920414903118,1
242,4,10,102.25136494314575,3
243,1,10,106.13585020868948,2
243,1,5,106.8066027664733,1
243,2,3,100.69892653137596,3
243,2,10,100.62087484125175,1
244,10,1,95.96986312243067,1
244,6,1,95.1318169074827,1
244,6,2,93.84669417377853,1
244,3,6,103.60502237339762,2
244,5,7,90.27513509204238,3
244,6,7,90.27513509204238,2
244,5,7,90.23422398472282,2
244,5,8,90.23422398472282,3
244,6,8,90.23422398472282,3
244,5,8,90.18055146358027,1
244,5,9,90.18055146358027,1
244,6,9,90.18055146358027,5
244,2,9,90.10639484922737,1
245,4,10,103.37917054858116,5
246,10,2,98.88456003766578,3
247,2,10,101.95272046811701,3
247,2,1,102.34668647988192,1
248,10,1,99.77194364174247,1
248,10,1,99.56409468265012,2
248,10,2,94.72378016911478,1
249,10,4,94.27733417487273,2
251,1,10,103.79680699726542,1
251,1,10,103.83497514796593,2
251,10,3,96.12728313287218,1
251,10,3,96.08724844019301,1
251,1,3,95.25109547994904,3
251,1,4,95.1628808310493,2
251,5,4,95.00749918420715,1
252,6,1,94.92172751122725,3
252,3,10,100.0635155878681,1
252,3,4,94.5361548407936,1
252,6,4,93.43251351841987,1
252,3,4,93.3992436418112,2
253,3,1,102.99723016196415,1
253,3,1,103.1610256041018,2
255,10,1,94.65155864849828,1
255,2,4,104.2816263619924,2
255,3,4,101.2904040854251,1
255,3,10,101.41236823103685,1
255,3,1,101.96607029703898,1
256,10,1,97.76260277639744,1
256,3,2,101.89114694207939,2
257,10,2,95.03308360095477,2
258,1,10,101.61076957753147,1
258,1,10,101.73621794965877,2
258,10,2,97.96451550102837,2
258,10,3,93.64242107496045,1
259,10,1,96.95926483225367,2
259,10,1,96.76084355621407,2
259,10,4,95.41171427160087,1
260,2,1,103.02160632332743,4
260,10,7,59.25371799676318,4
260,5,7,58.534875822432255,1
260,6,7,58.534875822432255,1
260,3,7,58.439627700060555,2
260,5,7,58.43399920421431,1
260,6,7,58.43399920421431,3
260,5,7,58.38774618747793,2
260,6,7,58.38774618747793,2
260,5,7,58.38396486390707,4
260,6,7,58.38396486390707,1
260,5,7,58.38200733658014,3
260,6,7,58.38200733658014,5
260,5,7,58.36194203434285,2
260,6,7,58.36194203434285,1
260,1,7,58.34925717140769,1
260,1,8,58.34925717140769,2
260,5,8,58.34816830404434,1
260,6,8,58.34816830404434,1
260,5,8,58.342588834020184,5
260,6,8,58.342588834020184,5
260,5,8,58.342000866344634,5
260,6,8,58.342000866344634,3
260,5,8,58.332661737887285,2
260,6,8,58.332661737887285,5
260,5,8,58.316356742193946,1
260,6,8,58.316356742193946,3
260,5,9,58.31340451297256,3
260,6,9,58.31340451297256,5
260,5,9,58.30758753125118,5
260,6,9,58.30758753125118,5
260,5,9,58.30590046245428,4
260,6,9,58.30590046245428,3
260,5,9,58.30149607657669,5
260,6,9,58.30149607657669,2
260,5,9,58.29465118047905,1
260,10,1,99.83495245206376,1
261,7,10,134.70332524893684,1
261,7,10,134.8230071698884,3
261,7,4,134.87108420240526,5
261,7,4,135.0464666647212,3
261,7,2,135.23266168056625,3
261,7,1,135.2809617905634,1
261,7,5,135.40090355554776,5
261,7,6,135.40090355554776,3
261,7,5,135.50458315891245,3
261,7,6,135.50458315891245,1
261,8,6,135.50924391172993,1
261,8,2,135.54061011129613,5
261,8,4,135.64277890574763,2
261,8,1,135.71712940233434,2
261,8,5,135.76038227178802,2
261,8,6,135.76038227178802,2
261,8,5,135.80766717142896,5
261,8,6,135.80766717142896,4
261,8,5,135.81062247765652,4
261,8,6,135.81062247765652,1
261,9,6,135.81062247765652,3
261,9,2,135.83263947370614,3
261,9,5,135.8328676388817,2
261,9,6,135.8328676388817,1
261,9,5,135.85025195084808,4
261,9,6,135.85025195084808,2
261,9,2,135.85770889205995,2
261,9,5,135.9069801955193,5
261,9,6,135.9069801955193,1
261,9,5,135.9130522081837,3
261,9,6,135.9130522081837,2
262,1,2,100.8874432874808,2
262,10,2,99.81697282344075,1
262,10,2,99.76700710123237,1
262,6,3,97.40338266299497,2
263,2,10,102.54989014611954,4
263,5,3,98.08546396891198,1
263,5,4,96.12569041506146,3
263,6,4,96.12569041506146,2
264,10,1,95.60941610817551,3
265,1,10,104.8055118746021,2
265,1,10,105.05599432131478,3
265,2,10,103.08764340785072,2
265,4,10,105.59627880888618,3
265,4,5,106.36163253690572,1
266,10,3,94.59256884649423,5
266,10,4,96.45640473376031,1
266,6,4,95.95099876712091,1
266,1,4,95.50346960273082,2
266,7,5,116.53006151644806,2
266,7,6,116.53006151644806,5
266,7,5,116.65843377038831,3
266,7,6,116.65843377038831,2
266,8,6,116.81744390829124,2
266,8,5,116.81933045898154,2
266,8,6,116.81933045898154,1
266,8,5,116.83506522515933,3
266,8,6,116.83506522515933,2
266,8,2,116.83729034742515,1
266,8,5,116.83984823897963,1
266,9,6,116.83984823897963,1
266,9,5,116.86334310775808,1
266,9,6,116.86334310775808,3
266,9,5,116.8662208413118,5
266,9,6,116.8662208413118,2
267,1,10,104.62313152416547,3
267,5,2,95.53742817550983,5
267,6,4,98.1362104031215,3
267,7,10,101.43212274180516,1
267,8,10,101.43212274180516,1
267,9,10,101.43212274180516,1
268,2,10,100.88613870057979,1
268,3,5,103.67767981563225,2
268,3,6,103.67767981563225,2
269,10,1,94.746602953644,1
270,3,10,104.46899322252551,1
270,3,6,105.36965301823413,2
270,3,5,105.62980410676059,1
270,3,6,105.62980410676059,1
270,4,5,103.99081506469143,1
270,4,6,103.99081506469143,1
270,10,7,84.90758144051699,1
270,1,7,84.8017233438259,2
270,10,7,84.78067847050409,5
270,4,7,83.96513620891527,3
270,1,7,83.84395574824183,1
270,1,8,83.84395574824183,1
270,5,8,83.80304414154219,4
270,6,8,83.80304414154219,4
270,6,8,83.7281819845517,1
270,5,8,83.72378230085667,2
270,5,9,83.72378230085667,3
270,6,9,83.72378230085667,4
270,5,9,83.72104494454948,4
270,6,9,83.72104494454948,1
271,3,5,103.12040763084266,2
271,3,6,103.12040763084266,2
271,4,6,105.45774839452889,2
271,4,6,105.49009665574826,2
272,10,2,99.64042631393929,1
273,1,2,102.8124331104036,1
273,5,4,98.23824640276362,4
273,10,2,99.39737922401092,1
273,10,3,99.43580016854781,2
274,10,2,94.67853804792168,3
274,10,4,99.25653133192142,2
275,10,2,94.12307921316136,1
275,1,4,98.89141763008783,2
277,1,2,100.89956738105184,3
277,2,10,102.00728299565019,1
277,10,7,72.6931814091179,1
277,1,7,72.62325507603751,3
277,1,7,72.54237879119981,2
277,10,7,72.4629275614895,2
277,5,7,72.06146777199703,1
277,6,7,72.06146777199703,5
277,5,7,71.60944085756617,2
277,6,7,71.60944085756617,4
277,2,7,71.52424912953944,1
277,6,7,71.48771241294712,1
277,5,8,71.4791705498054,1
277,6,8,71.4791705498054,5
277,5,8,71.47882123397608,1
277,6,8,71.47882123397608,2
277,5,8,71.47789172850433,4
277,6,8,71.47789172850433,5
277,2,8,71.47626865760047,1
277,5,8,71.47435990314705,2
277,6,8,71.47435990314705,1
277,6,9,71.47435990314705,1
277,5,9,71.47181396793738,3
277,6,9,71.47181396793738,4
277,5,9,71.46929206009668,4
277,6,9,71.46929206009668,5
277,5,9,71.46536363532857,2
277,6,9,71.46536363532857,3
278,2,10,102.46775732604505,2
278,2,10,102.69956600011214,3
278,10,3,96.77876041772433,1
278,5,4,95.25984307324107,2
278,6,4,95.25984307324107,2
279,3,10,103.600322810552,1
279,3,10,103.88957495757754,1
279,2,7,60.82413000011957,3
279,5,7,59.8110954854358,1
279,6,7,59.8110954854358,5
279,6,7,59.778018856509384,1
279,5,7,59.777458784059675,2
279,6,7,59.777458784059675,3
279,5,7,59.774483339394166,4
279,6,7,59.774483339394166,1
279,5,7,59.76603747804163,3
279,6,7,59.76603747804163,2
279,5,7,59.762069652686506,1
279,6,7,59.762069652686506,2
279,5,7,59.75951612278604,1
279,6,7,59.75951612278604,3
279,6,8,59.75951612278604,1
279,5,8,59.759036408410026,1
279,6,8,59.759036408410026,1
279,5,8,59.75821861872413,2
279,6,8,59.75821861872413,4
279,5,8,59.758026141939226,3
279,6,8,59.758026141939226,5
279,5,8,59.75772159895867,2
279,6,8,59.75772159895867,4
279,5,8,59.75735041079796,1
279,6,8,59.75735041079796,1
279,5,8,59.75728563665357,1
279,6,8,59.75728563665357,3
279,5,8,59.75714939473203,2
279,6,8,59.75714939473203,1
279,6,9,59.75714939473203,3
279,5,9,59.75514176962125,2
279,6,9,59.75514176962125,1
279,5,9,59.75480372679089,1
279,6,9,59.75480372679089,3
279,5,9,59.75353931538549,3
279,6,9,59.75353931538549,5
279,5,9,59.75194578203401,3
279,6,9,59.75194578203401,1
279,5,9,59.7469250060567,1
279,6,9,59.7469250060567,2
279,5,9,59.73712283020158,5
279,6,9,59.73712283020158,2
280,10,2,97.01434521350767,4
280,4,10,104.74469158139121,1
280,7,10,142.69719941587775,7
280,7,5,143.02611034424203,1
280,7,6,143.02611034424203,4
280,7,5,143.126187577793,2
280,7,6,143.126187577793,4
280,7,5,143.55036963068176,3
280,7,6,143.55036963068176,5
280,7,5,143.59820796543124,4
280,7,6,143.59820796543124,4
280,7,5,143.62860541572462,1
280,8,5,143.62860541572462,3
280,8,6,143.62860541572462,5
280,8,5,143.64415226775338,4
280,8,6,143.64415226775338,4
280,8,5,143.65641514390393,5
280,8,6,143.65641514390393,5
280,8,6,143.65678237336553,2
280,8,6,143.66864001432464,1
280,8,6,143.67326532282453,2
280,8,5,143.67597409016466,1
280,8,6,143.67597409016466,3
280,9,6,143.67597409016466,2
280,9,5,143.68046123923486,4
280,9,6,143.68046123923486,2
280,9,5,143.6850914910549,4
280,9,6,143.6850914910549,5
280,9,5,143.68686507620035,5
280,9,6,143.68686507620035,5
280,9,5,143.69298036467669,5
280,9,6,143.69298036467669,3
281,2,10,104.26960515657598,1
281,2,6,105.57016109260104,1
281,3,4,98.22683591755828,3
281,3,7,83.98412862184624,2
281,10,7,83.25798973410994,7
281,5,7,82.3110368822343,1
281,6,7,82.3110368822343,3
281,6,8,82.3110368822343,2
281,6,8,82.26733376539127,3
281,5,8,82.26728402016728,4
281,6,8,82.26728402016728,3
281,1,8,82.25839448161294,1
281,1,9,82.25839448161294,2
281,5,9,82.256571763311,4
281,6,9,82.256571763311,2
281,2,9,82.25602533818993,4
281,5,9,82.25551470839861,1
282,2,5,102.79826023866774,3
282,4,5,102.25909596767863,2
282,4,6,102.25909596767863,1
284,10,1,99.35203946443465,2
284,5,4,93.76797746657041,3
284,7,1,136.98975518796277,2
284,7,10,137.60844474342164,1
284,7,10,137.81882454613103,10
284,7,2,138.37892553505588,3
284,7,5,138.79816616046634,1
284,7,6,138.79816616046634,2
284,7,5,138.86847266043702,1
284,7,6,138.86847266043702,3
284,7,5,138.88561380975565,1
284,7,6,138.88561380975565,3
284,7,5,138.8954318678775,4
284,8,5,138.8954318678775,1
284,8,6,138.8954318678775,3
284,8,5,138.89604998774152,3
284,8,6,138.89604998774152,3
284,8,5,138.9019155844336,3
284,8,6,138.9019155844336,1
284,8,5,138.9059858093549,3
284,8,6,138.9059858093549,1
284,8,5,138.91639565987563,2
284,8,6,138.91639565987563,5
284,8,5,138.92435523495752,2
284,8,6,138.92435523495752,4
284,9,6,138.92435523495752,1
284,9,5,138.93748995197123,2
284,9,6,138.93748995197123,5
284,9,5,138.93954786531492,4
284,9,6,138.93954786531492,4
284,9,5,138.94352310291507,5
284,9,6,138.94352310291507,3
284,9,5,138.9464540190239,5
284,9,6,138.9464540190239,2
285,10,2,97.18058206624751,1
285,5,2,96.43643097757638,1
285,5,7,98.48414412264069,1
285,5,8,98.48414412264069,1
285,5,9,98.48414412264069,1
287,10,2,96.84682601791485,2
287,1,2,96.39966481709952,2
287,4,10,103.61359435599411,5
287,1,7,95.27888691266676,1
287,5,7,95.2116004569782,1
287,6,7,95.2116004569782,1
287,6,8,95.2116004569782,2
287,5,8,95.02975878219394,1
287,6,9,95.02975878219394,3
288,3,10,104.23530941132547,2
288,3,10,104.51078614888422,1
288,5,4,93.83677891894123,3
289,10,2,98.9851777080539,2
289,10,4,93.92867017899191,5
290,10,4,94.66846944912251,2
290,5,4,93.79242421911303,2
291,1,10,103.1477621290318,1
292,1,10,101.05255512285737,3
292,2,10,102.11868385821987,1
292,7,10,129.7740136749108,3
292,7,1,130.188242315758,1
292,7,5,130.20204331299135,2
292,7,6,130.20204331299135,2
292,7,1,130.399271252221,3
292,7,5,130.56198654569602,5
292,7,6,130.56198654569602,2
292,7,5,130.5719768814352,5
292,7,6,130.5719768814352,1
292,8,5,130.66446027354618,2
292,8,6,130.66446027354618,1
292,8,5,130.73565516147812,4
292,8,6,130.73565516147812,1
292,8,5,130.82564096965427,2
292,8,6,130.82564096965427,1
292,8,5,130.82805886776282,2
292,8,6,130.82805886776282,2
292,8,6,130.8362340239319,2
292,8,1,130.83818654887418,3
292,8,4,130.8428557822487,3
292,8,4,130.84828508571766,1
292,9,5,130.8512594016168,3
292,9,6,130.8512594016168,4
292,9,5,130.85408505709245,2
292,9,6,130.85408505709245,3
292,9,6,130.86193976618264,2
292,9,1,130.8635231846218,5
292,9,5,130.88158928797722,5
293,1,10,105.4574276007925,3
293,1,6,106.82798315533836,2
293,10,3,99.90988289130908,1
293,10,4,95.83218295631795,2
293,3,4,95.70994713794049,2
295,1,10,103.58095210133615,1
295,1,5,104.732684524935,1
295,3,2,105.15832428801949,2
295,4,2,102.182747148723,2
295,7,5,133.34446979767415,3
295,7,6,133.34446979767415,4
295,7,5,133.41337672714886,5
295,7,6,133.41337672714886,2
295,7,5,133.46393080762238,3
295,7,6,133.46393080762238,1
295,7,6,133.629037913991,1
295,7,5,133.63180019714991,1
295,7,6,133.63180019714991,2
295,7,1,133.63672522159547,4
295,8,1,133.63672522159547,1
295,8,5,133.63748050151904,1
295,8,6,133.63748050151904,2
295,8,4,133.64079248015975,1
295,8,5,133.64242684389217,2
295,8,6,133.64242684389217,1
295,8,1,133.67791789477192,3
295,8,5,133.6847933199632,4
295,8,6,133.6847933199632,2
295,8,5,133.70319886802906,1
295,8,6,133.70319886802906,4
295,8,5,133.7075834612328,4
295,9,6,133.7075834612328,4
295,9,2,133.7143474842913,2
295,9,5,133.7393260385511,4
295,9,6,133.7393260385511,2
295,9,4,133.74632970272972,2
295,9,5,133.74915835463668,2
295,9,6,133.74915835463668,1
295,9,4,133.76889400262917,5
295,9,5,133.78607448515857,4
296,2,5,105.8593306129543,1
296,2,6,105.8593306129543,3
296,2,3,105.85964758837048,1
297,10,3,97.77251104292262,1
297,10,3,97.73889790659348,1
297,3,4,98.87721059124361,1
298,4,1,99.05619397963684,1
298,4,2,94.55646807496261,1
298,5,2,94.2773245581033,1
298,6,2,94.2773245581033,1
298,3,10,102.9045551265539,1
298,6,4,98.32390024313096,1
299,2,10,101.86495997997201,2
299,2,10,102.16777499904461,2
299,3,10,105.6918093156424,2
300,10,1,99.34772879652566,1
300,6,1,98.9038884464566,1
300,2,1,100.59507842876175,2
300,2,10,101.24502344382938,1
300,4,10,103.74070677190048,5
301,10,2,97.30957270920017,1
301,5,2,96.25407442068663,3
301,4,10,101.66718740494687,3
302,1,2,97.66425813132994,2
302,5,2,97.34707687312327,1
302,5,4,92.82024005203388,3
302,6,4,92.82024005203388,1
302,6,7,89.01267951399339,2
302,5,7,89.01078081969618,2
302,6,7,89.01078081969618,3
302,6,8,89.01078081969618,1
302,5,8,88.98442261051294,5
302,6,8,88.98442261051294,1
302,6,9,88.98442261051294,2
302,6,9,88.96005385815832,3
302,5,9,88.90515120633029,1
302,6,9,88.90515120633029,1
303,10,2,99.39692783399764,1
305,10,1,98.44117506471774,1
305,10,1,98.23723985525004,3
305,3,10,105.27603013897571,1
305,10,4,97.21455595671773,5
306,2,3,105.94589279761487,3
307,1,10,101.46889506638848,1
307,1,10,101.56078315990547,4
307,10,2,97.93402565132017,1
307,4,2,97.4376410845442,2
307,5,2,96.74612919400731,2
307,3,10,103.6813484918828,2
307,6,4,95.4613596560236,2
308,6,1,97.51421138965928,2
308,5,1,97.49597367710047,2
308,3,10,102.76567191748364,1
308,3,10,103.16692686529873,1
309,10,1,95.8994387557029,2
310,1,10,101.29742483832024,1
310,2,4,105.46428267729537,1
310,3,4,105.2793091993132,3
310,3,10,105.49159648657849,1
310,3,5,105.72874439790233,1
310,10,4,93.70898721338844,1
311,10,2,95.59474311286652,2
311,10,2,95.36483046886255,2
311,10,4,97.23189516495314,5
311,7,3,115.34782846451398,3
311,7,5,115.51778571954102,1
311,7,6,115.51778571954102,4
311,7,5,115.63957392893178,4
311,8,6,115.63957392893178,2
311,8,1,115.92697592476048,2
311,8,5,115.98910663974917,4
311,8,6,115.98910663974917,2
311,8,5,116.05764110834056,2
311,9,5,116.05764110834056,3
311,9,6,116.05764110834056,4
311,9,5,116.08378864437165,1
311,9,6,116.08378864437165,3
311,9,5,116.1191380283826,1
312,10,2,94.10974300156028,1
312,3,2,94.0783962429122,2
312,3,4,94.30788095525108,1
312,5,4,93.66566980537993,1
312,5,7,73.39297124370908,4
312,6,7,73.39297124370908,3
312,5,7,73.16527922298677,4
312,6,7,73.16527922298677,5
312,5,7,73.15373757203544,1
312,6,7,73.15373757203544,2
312,5,7,73.15225515770346,2
312,6,8,73.15225515770346,2
312,5,8,73.14651181966062,3
312,6,8,73.14651181966062,3
312,5,8,73.13101541462903,3
312,6,8,73.13101541462903,1
312,5,8,73.11634064164207,5
312,6,8,73.11634064164207,3
312,5,8,73.11324432145685,1
312,5,9,73.11324432145685,2
312,6,9,73.11324432145685,5
312,5,9,73.10564954426795,4
312,6,9,73.10564954426795,5
312,5,9,73.105590475329,1
312,6,9,73.105590475329,3
312,5,9,73.10425331802485,1
313,10,1,98.7584477053484,1
313,5,3,92.94882111888516,2
313,5,4,94.47186164050433,1
313,6,4,94.47186164050433,4
313,5,1,97.59795287609887,3
314,1,2,96.31374252935676,2
314,5,2,96.0784397197038,1
314,6,4,93.98882016993272,2
314,5,4,93.92379065374519,2
314,6,4,93.92379065374519,1
314,6,7,60.61061591008221,4
314,5,7,60.58247262609271,5
314,6,7,60.58247262609271,3
314,5,7,60.572572183094614,3
314,6,7,60.572572183094614,5
314,5,7,60.564054529365926,1
314,6,7,60.564054529365926,3
314,5,7,60.56349735793537,3
314,6,7,60.56349735793537,4
314,6,8,60.56349735793537,1
314,5,8,60.560867597025585,5
314,6,8,60.560867597025585,1
314,5,8,60.56055191194985,3
314,6,8,60.56055191194985,3
314,5,8,60.55760057962413,2
314,6,8,60.55760057962413,2
314,5,8,60.5551409111628,5
314,6,8,60.5551409111628,4
314,3,8,60.55234191421321,2
314,5,8,60.55070089270662,2
314,6,8,60.55070089270662,1
314,5,9,60.55061110300513,2
314,6,9,60.55061110300513,5
314,5,9,60.54969752787532,1
314,6,9,60.54969752787532,4
314,5,9,60.549332261022656,1
314,6,9,60.549332261022656,3
314,5,9,60.54747286469091,4
314,6,9,60.54747286469091,2
314,5,9,60.54630114498996,2
314,6,9,60.54630114498996,1
314,5,9,60.545412833498546,2
314,6,9,60.545412833498546,3
314,5,9,60.54525317869585,1
315,10,1,98.77358948338923,3
315,10,4,97.68884827038545,2
316,2,10,103.0925990295951,1
316,2,10,103.20943646139939,2
316,10,3,99.65422826413837,2
316,10,3,99.71084937327362,1
317,10,3,99.577982124947,1
318,10,3,98.00764716640475,1
319,10,4,96.86711670624246,1
319,10,4,96.7241016347626,3
319,10,4,96.57386333741294,1
320,10,1,95.93735829399799,5
320,2,10,102.99849027799335,1
321,10,1,98.47046342965537,2
321,4,1,97.52284894669904,1
321,4,2,101.75277935428274,1
321,4,10,101.76985095175928,3
323,2,10,105.1020412927553,1
323,2,1,105.3880883991516,3
323,2,5,105.73548079866325,1
323,10,3,95.41221584741584,3
323,4,5,104.22800468557254,3
324,10,1,99.1608732159242,2
324,10,1,98.93704967199832,2
324,10,2,96.52649744237152,4
324,4,5,102.36549595175973,1
325,1,10,105.9194037427398,2
325,4,10,101.94684764658354,3
325,4,6,102.4506342710497,1
325,4,5,102.45084241765653,1
326,10,2,96.08988692834305,1
326,10,2,95.83365016405673,2
327,1,10,103.971218616682,4
327,3,10,101.16963426907037,1
327,4,10,103.37488541802449,1
327,4,6,103.87072484735566,4
328,10,2,95.4959069567146,2
328,10,3,95.04617449990072,3
329,7,10,134.94150859673852,5
329,7,2,135.54917238676987,3
329,7,2,135.58245963752356,5
329,7,5,135.6349660052217,2
329,7,6,135.6349660052217,4
329,7,5,135.7511579798205,3
329,7,6,135.7511579798205,2
329,7,5,135.90179958869493,2
329,7,6,135.90179958869493,3
329,8,5,135.9074625651628,4
329,8,6,135.9074625651628,2
329,8,5,135.91023322834707,1
329,8,6,135.91023322834707,2
329,8,5,135.96501149057892,1
329,8,6,135.96501149057892,4
329,8,5,135.96824669043383,3
329,8,6,135.96824669043383,2
329,8,5,136.0174439833259,4
329,8,6,136.0174439833259,4
329,8,5,136.02353583889007,1
329,8,6,136.02353583889007,1
329,9,6,136.02353583889007,1
329,9,5,136.03520074556093,2
329,9,6,136.03520074556093,1
329,9,5,136.04324709661842,1
329,9,6,136.04324709661842,4
329,9,5,136.04433887635417,3
329,9,6,136.04433887635417,1
329,9,5,136.04650220245418,2
329,9,6,136.04650220245418,2
329,9,5,136.061929527902,1
329,9,6,136.061929527902,2
329,9,5,136.0753584947791,5
329,9,6,136.0753584947791,2
329,9,5,136.0782206203711,2
330,3,2,97.4025331305661,3
330,3,4,95.8972719858574,2
330,10,4,95.80068281610426,1
331,10,3,98.17014156667844,2
332,5,1,98.44709761852909,3
332,5,7,64.62564664506773,2
332,6,7,64.62564664506773,1
332,5,7,64.25727263289431,4
332,6,7,64.25727263289431,4
332,5,7,64.24592081673548,4
332,6,7,64.24592081673548,2
332,5,7,64.24136971649776,5
332,6,7,64.24136971649776,4
332,5,7,64.02838864143584,2
332,5,8,64.02838864143584,1
332,6,8,64.02838864143584,1
332,5,8,64.02043757495628,3
332,6,8,64.02043757495628,3
332,3,8,64.01987173733397,1
332,5,8,63.988546597686295,3
332,6,8,63.988546597686295,3
332,5,8,63.959040131379666,3
332,6,8,63.959040131379666,1
332,5,8,63.93925187623087,5
332,6,8,63.93925187623087,3
332,5,8,63.93345718435277,1
332,5,9,63.93345718435277,1
332,6,9,63.93345718435277,4
332,5,9,63.88665975940665,5
332,6,9,63.88665975940665,1
332,5,9,63.87950329185198,2
332,6,9,63.87950329185198,4
332,5,9,63.878628113369736,4
332,6,9,63.878628113369736,5
332,5,9,63.87507485778813,2
333,1,10,104.3061453232142,1
333,1,10,104.61243147892286,1
333,10,3,99.52779347776814,1
334,3,10,102.2453468278361,2
334,4,10,102.68066330596244,3
335,2,10,104.73035633008024,3
335,2,10,104.98811749486623,2
335,4,10,102.5789953710887,1
335,7,10,143.98154636355144,4
335,7,3,144.01860420944172,2
335,7,5,144.77066803933351,2
335,7,6,144.77066803933351,1
335,7,5,144.87817750358394,1
335,7,6,144.87817750358394,4
335,7,6,144.92352719316747,5
335,7,5,144.92956506136636,1
335,7,6,144.92956506136636,2
335,7,5,144.9299239274944,2
335,7,6,144.9299239274944,5
335,7,5,144.94310882684016,4
335,7,6,144.94310882684016,3
335,8,6,144.94310882684016,1
335,8,5,144.94325702743342,2
335,8,6,144.94325702743342,4
335,8,5,144.95419147957728,5
335,8,6,144.95419147957728,3
335,8,5,144.96255029305578,2
335,8,6,144.96255029305578,4
335,8,5,145.06202652444722,2
335,8,6,145.06202652444722,3
335,8,5,145.09361062917264,4
335,8,6,145.09361062917264,5
335,8,5,145.09560669240818,1
335,9,5,145.09560669240818,2
335,9,6,145.09560669240818,2
335,9,5,145.18262556203894,2
335,9,6,145.18262556203894,5
335,9,5,145.18645347453113,1
335,9,6,145.18645347453113,2
335,9,5,145.19123796452462,2
335,9,6,145.19123796452462,5
335,9,5,145.20317192510186,2
335,9,6,145.20317192510186,1
335,9,3,145.25358414989847,1
335,9,5,145.26294368599906,2
335,9,6,145.26294368599906,5
335,9,5,145.27184175396297,4
336,2,10,103.49658411527918,1
336,2,6,105.10908096167324,1
336,2,5,105.11256702539171,3
336,7,5,141.0783995839475,3
336,7,6,141.0783995839475,3
336,7,5,141.45682912337273,2
336,7,6,141.45682912337273,2
336,7,3,141.46071106817195,3
336,7,3,141.46256023232033,3
336,7,1,141.46949992015323,3
336,7,5,141.47679478583171,2
336,7,6,141.47679478583171,5
336,7,5,141.48466439585064,2
336,7,6,141.48466439585064,4
336,7,5,141.4853912820255,1
336,8,5,141.4853912820255,4
336,8,6,141.4853912820255,5
336,8,5,141.4874541045135,3
336,8,6,141.4874541045135,1
336,8,5,141.49048686994354,1
336,8,6,141.49048686994354,5
336,8,3,141.4907898099753,1
336,8,5,141.49807946870894,3
336,8,6,141.49807946870894,3
336,8,1,141.49962100046628,1
336,8,3,141.52034057491036,1
336,8,4,141.53655454205625,3
336,8,4,141.53764385742303,2
336,9,4,141.53764385742303,2
336,9,5,141.54040907250422,5
336,9,6,141.54040907250422,3
336,9,5,141.54162065912567,3
336,9,6,141.54162065912567,1
336,9,5,141.5426212134766,5
336,9,6,141.5426212134766,1
336,9,5,141.54643839495827,4
336,9,6,141.54643839495827,1
336,9,1,141.54769902562487,4
336,9,5,141.55790023019446,4
337,10,1,98.65469237290215,1
337,10,1,98.60224873180438,1
337,4,1,97.9285965603198,1
337,5,2,96.86597663988343,1
337,6,2,96.86597663988343,2
337,4,10,105.77370372890225,1
337,4,3,107.4928295328142,3
338,1,5,104.44904522497214,4
338,10,3,98.2866366390118,1
338,6,3,97.2010519111098,1
338,5,3,97.07539334327662,1
339,1,10,102.2527793792134,1
339,2,10,101.30112710369312,2
340,1,10,103.42515357729036,3
340,3,10,105.75436329232917,2
340,10,7,80.7221440260181,3
340,5,7,80.16305239337844,1
340,6,7,80.16305239337844,3
340,2,7,79.76445434973066,2
340,5,7,79.66648381538918,1
340,6,7,79.66648381538918,4
340,5,7,79.59269629171207,1
340,6,7,79.59269629171207,1
340,6,8,79.59269629171207,1
340,5,8,79.56128164975378,1
340,6,8,79.56128164975378,5
340,5,8,79.55342798926421,2
340,6,8,79.55342798926421,5
340,5,8,79.54347408360212,2
340,5,9,79.54347408360212,3
340,6,9,79.54347408360212,4
340,5,9,79.47041734359834,3
340,6,9,79.47041734359834,5
340,5,9,79.46847908160899,1
341,5,1,92.61965605349536,4
341,2,10,104.74606923931549,2
341,2,10,105.0007197921305,1
341,4,10,100.77291233862292,1
342,10,1,96.63180725019848,1
342,10,4,98.72058663076658,4
342,10,3,99.94614186247483,1
343,1,3,101.86019807487722,1
343,1,10,102.22425791833595,2
343,1,5,102.5069064366375,2
343,2,5,101.61560507563112,1
343,2,6,101.61560507563112,1
344,2,5,104.52063952375218,1
344,2,4,98.3801309863245,1
344,2,10,101.54097137982103,1
345,10,1,99.69978240876293,3
345,5,4,96.70478690775971,1
345,6,4,96.70478690775971,2
346,1,10,102.52537070617726,3
346,2,10,103.45978787022378,1
346,2,10,103.87309167596769,1
346,6,4,98.00986190377816,1
348,1,10,102.4864584419729,3
348,2,10,101.53768990835871,1
348,2,10,101.95546254257029,2
348,3,10,104.41827184106067,4
348,4,10,104.13801715056096,2
349,2,3,98.00121897984266,3
349,10,3,97.87580529644703,1
349,4,10,104.28692943342028,1
349,4,10,104.77779180533584,4
350,1,10,103.16758498523271,1
350,1,10,103.67671979157424,4
350,2,10,106.17737859945645,2
350,10,3,94.8688395642579,3
350,10,3,94.65997745622369,1
350,4,5,106.26360182257628,3
351,2,5,107.0194691370255,1
351,2,6,107.0194691370255,1
351,2,5,107.05611353046025,1
352,10,2,94.30148417380025,1
352,10,2,94.00679625998472,1
352,10,4,93.81820229015105,1
353,3,10,101.35517595819573,2
354,1,10,103.87576270493821,4
354,10,3,95.1708635992224,1
354,10,7,60.216408968277676,1
354,10,7,59.96264542110476,4
354,2,7,59.68648907657526,1
354,5,7,59.51878759799948,2
354,6,7,59.51878759799948,1
354,1,7,59.502381549145966,2
354,3,7,59.4699109863143,2
354,1,7,59.315504451996986,1
354,5,7,59.2405462372689,2
354,6,7,59.2405462372689,5
354,5,7,59.23183202175698,4
354,6,7,59.23183202175698,1
354,5,7,59.14174683695786,1
354,6,7,59.14174683695786,1
354,5,7,59.121796208219585,3
354,6,7,59.121796208219585,2
354,6,8,59.121796208219585,1
354,5,8,59.089307033234206,5
354,6,8,59.089307033234206,5
354,5,8,59.05367578610352,1
354,6,8,59.05367578610352,1
354,5,8,59.028604518125725,1
354,6,8,59.028604518125725,2
354,5,8,58.98362880366547,5
354,6,8,58.98362880366547,3
354,6,8,58.94628644284176,3
354,5,8,58.94517741691632,2
354,6,8,58.94517741691632,4
354,5,9,58.943639676852115,3
354,6,9,58.943639676852115,1
354,5,9,58.943535099875774,5
354,6,9,58.943535099875774,3
354,5,9,58.941655963526955,2
354,6,9,58.941655963526955,5
354,5,9,58.939590888076665,5
354,6,9,58.939590888076665,2
354,5,9,58.93870846486189,5
354,6,9,58.93870846486189,2
356,2,10,101.4130334716299,1
356,2,10,101.61661879972215,2
356,3,10,105.91049651162301,3
356,3,5,106.24595028303321,1
356,3,6,106.24595028303321,1
356,4,6,101.84819875986236,1
356,7,6,126.5131358392094,3
356,7,5,126.98774340696036,1
356,7,6,126.98774340696036,1
356,7,4,127.0059734067502,1
356,7,5,127.00940892265501,3
356,7,6,127.00940892265501,5
356,7,5,127.03545456607236,2
356,7,6,127.03545456607236,4
356,7,5,127.04314696375997,1
356,8,5,127.04314696375997,1
356,8,6,127.04314696375997,3
356,8,3,127.07589165657663,1
356,8,5,127.1270419153773,5
356,8,6,127.1270419153773,5
356,8,5,127.17432407673294,2
356,8,6,127.17432407673294,3
356,8,5,127.1770898235848,1
356,9,6,127.1770898235848,3
356,9,5,127.20068105076089,2
356,9,6,127.20068105076089,4
356,9,5,127.23813954133418,2
356,9,6,127.23813954133418,5
356,9,5,127.27229482785728,2
356,9,6,127.27229482785728,1
356,9,5,127.29326856576161,2
359,10,1,94.46295993908353,1
359,2,10,102.01295983436314,2
359,4,10,104.76823300250595,5
360,1,10,105.16693924436177,2
360,2,10,104.39398645428847,2
360,10,4,95.99306414527177,1
360,10,4,95.92495293893157,1
360,10,4,95.67016331607158,3
361,1,10,105.15026532615155,3
362,10,7,96.06033571859197,2
362,10,7,95.79687534471051,1
362,10,8,95.79687534471051,3
362,10,9,95.79687534471051,3
363,3,10,103.32484826332787,2
363,3,10,103.58298390028325,3
363,10,4,93.57700147070794,2
364,10,1,96.31432048125308,1
364,4,1,106.32876558904698,2
364,7,5,126.7822927396661,4
364,7,6,126.7822927396661,3
364,7,5,126.78990854800382,1
364,7,6,126.78990854800382,3
364,7,3,126.79905114694377,4
364,7,5,126.91176148140721,1
364,7,6,126.91176148140721,4
364,7,5,127.02994750809904,1
364,8,5,127.02994750809904,1
364,8,6,127.02994750809904,2
364,8,5,127.03262232672027,1
364,8,6,127.03262232672027,1
364,8,5,127.04516693532148,5
364,8,6,127.04516693532148,3
364,8,5,127.04961069522,1
364,8,6,127.04961069522,3
364,8,5,127.08007392857084,3
364,8,6,127.08007392857084,1
364,9,6,127.08007392857084,4
364,9,5,127.08608176467415,1
364,9,6,127.08608176467415,4
364,9,5,127.12465244596478,5
364,9,6,127.12465244596478,1
364,9,5,127.13381354432347,4
364,9,6,127.13381354432347,2
366,3,10,103.86028025506263,1
366,3,10,103.93908599560638,3
366,3,5,105.11522665427785,1
366,7,5,116.02840499215229,4
366,7,6,116.02840499215229,4
366,7,5,116.06879293418095,4
366,8,6,116.06879293418095,5
366,8,1,116.2131375678774,5
366,8,6,116.27807648194496,1
366,8,3,116.28977812638053,1
366,9,3,116.28977812638053,4
366,9,3,116.428177782831,4
366,9,4,116.52685683268524,4
367,1,3,107.36483107778875,1
367,2,3,98.50141622638566,1
367,10,3,98.39396474748736,1
367,10,3,98.34428215487046,1
367,3,4,96.58280762263178,3
368,5,1,95.19344458733445,4
368,6,1,95.19344458733445,1
368,6,3,97.01953794701525,1
369,1,10,105.50695954246645,1
369,1,10,105.93152238183623,4
370,10,1,94.65364627859647,2
370,3,10,103.11591556561295,4
370,7,10,115.46585980157526,9
370,7,2,115.80425529530181,1
370,7,5,116.07616888316932,2
370,8,5,116.07616888316932,1
370,8,6,116.07616888316932,3
370,8,5,116.29375733834632,2
370,8,6,116.29375733834632,2
370,8,5,116.45454688397254,4
370,9,6,116.45454688397254,2
370,9,4,116.64054727648936,2
370,9,6,116.77560683036319,2
370,9,2,116.77615497821803,1
370,9,1,116.7824418115585,4
370,9,5,116.79367269436248,1
371,10,1,96.59966285087725,2
371,6,1,96.28592715209436,1
371,2,4,94.6028245253897,1
371,5,4,94.52713139149034,2
371,10,2,99.57206083516841,1
372,5,1,94.64192729523275,3
372,6,1,94.64192729523275,1
372,3,2,104.46937147665258,2
372,3,10,104.97233269295157,1
373,10,3,99.02050776900134,1
374,10,1,95.728864599421,1
374,3,10,102.69669556901184,2
374,3,1,103.17419577291852,2
374,7,1,138.21093670539466,1
374,7,5,138.36932407724112,2
374,7,6,138.36932407724112,3
374,7,5,138.8107238246601,3
374,7,6,138.8107238246601,4
374,7,5,138.89086142978886,4
374,7,6,138.89086142978886,1
374,7,5,138.92107376151486,5
374,7,6,138.92107376151486,4
374,7,5,139.40737830894926,3
374,7,6,139.40737830894926,1
374,8,6,139.40737830894926,4
374,8,5,139.40849267025695,1
374,8,6,139.40849267025695,4
374,8,5,139.41411031325504,4
374,8,6,139.41411031325504,4
374,8,5,139.41712404118658,3
374,8,6,139.41712404118658,3
374,8,5,139.4173586568475,5
374,8,6,139.4173586568475,3
374,9,6,139.4173586568475,1
374,9,5,139.42675622855828,2
374,9,6,139.42675622855828,1
374,9,5,139.44971601457675,4
374,9,6,139.44971601457675,1
374,9,5,139.46200367061138,2
374,9,6,139.46200367061138,3
374,9,4,139.47039057683602,2
374,9,5,139.47220189937298,2
374,9,6,139.47220189937298,1
374,9,5,139.47841332133996,3
374,9,6,139.47841332133996,3
374,9,1,139.4861538176514,1
374,9,5,139.49171438195316,2
374,9,6,139.49171438195316,3
375,10,1,94.00604380768749,5
375,3,10,104.12991532991829,1
375,3,5,105.96802914187211,1
375,4,5,107.10883301315857,1
375,4,6,107.10883301315857,3
375,4,1,107.12579398400543,1
376,10,1,96.65592784630249,1
376,10,3,99.5873031798508,1
376,10,3,99.38993485635916,2
377,10,1,99.46862181784456,2
377,2,1,101.8710756523108,3
377,2,10,102.40690891851139,2
378,1,4,96.9656896324168,1
378,6,4,96.44463869192512,2
379,2,10,105.79315063439043,1
379,2,10,106.0566555006823,2
379,10,3,96.81926506771045,5
379,10,4,99.3735956844706,1
379,10,4,99.48962844580899,1
380,1,2,98.02361627681398,4
380,6,2,97.895380535962,1
380,3,4,103.06901256470982,1
380,3,10,103.80569642609495,3
381,1,10,104.80398303149474,3
381,1,5,105.23046502173906,2
381,10,4,98.12909667086922,2
382,1,6,106.03032864806477,1
382,2,6,107.05009769787847,2
382,10,4,98.53437865889,1
383,4,10,104.8372728098344,4
384,3,10,104.68825444812664,2
384,3,2,104.9393231542935,2
384,4,2,106.41369708002769,3
385,10,3,97.96544451126329,1
385,10,3,97.7179005794216,2
385,4,10,105.0705747951084,1
385,4,1,105.6055919885968,1
385,4,3,105.70481720335086,1
385,4,5,105.96738358305981,1
386,2,10,104.46830258885876,1
386,2,5,105.39898090984096,1
386,4,6,102.9533632943857,2
386,4,5,103.14102821083189,3
387,2,5,106.95487027813653,3
387,4,6,105.41998454969823,2
387,10,7,65.43082541711735,2
387,3,7,65.23932755825837,3
387,10,7,65.22561840156415,6
387,5,7,64.76425858452605,2
387,6,7,64.76425858452605,4
387,5,7,64.75737198185733,2
387,6,7,64.75737198185733,4
387,5,7,64.5841869448587,1
387,6,7,64.5841869448587,2
387,5,7,64.4111096058163,2
387,5,8,64.4111096058163,1
387,6,8,64.4111096058163,2
387,5,8,64.40576766491738,1
387,6,8,64.40576766491738,2
387,5,8,64.40539483488878,3
387,6,8,64.40539483488878,1
387,3,8,64.39526034008911,4
387,5,8,64.37641761292089,1
387,6,8,64.37641761292089,2
387,5,8,64.37219062179791,5
387,6,8,64.37219062179791,3
387,5,8,64.32000458721855,3
387,5,9,64.32000458721855,1
387,6,9,64.32000458721855,5
387,5,9,64.26576837846048,5
387,6,9,64.26576837846048,2
387,5,9,64.257438411756,5
387,6,9,64.257438411756,5
387,5,9,64.25395899780851,2
387,6,9,64.25395899780851,2
387,5,9,64.25282151176073,1
388,6,1,95.60856098401766,3
388,5,1,95.60616356751382,2
388,5,4,93.89681537988459,2
388,6,4,93.89681537988459,1
388,5,4,93.89168403562911,2
389,1,10,104.75695716265732,2
389,2,10,102.19766558050652,5
389,10,3,98.59860190067718,4
390,2,10,100.7615843540342,1
390,2,10,101.01892111891702,3
391,10,2,94.97571680186908,2
391,10,2,94.79021479082333,1
391,10,3,98.77467756503606,2
392,10,1,96.50842625807431,2
392,5,1,95.82994670914164,3
392,2,10,101.30633702120117,1
392,5,3,98.01053159100552,2
392,6,3,98.01053159100552,2
392,4,10,104.75106457676787,2
393,2,10,105.1417782712843,2
393,7,3,102.10324992512713,1
393,8,3,102.10324992512713,1
393,9,10,102.10419264760692,1
394,4,10,102.13058749849341,1
395,1,10,105.64340538716264,1
395,1,4,106.36730393382416,1
395,1,5,106.38468587546708,3
395,10,7,70.84931472392061,1
395,1,7,70.7480723739518,2
395,1,7,70.19799913698863,4
395,6,7,69.94454835861421,1
395,3,7,69.87025579025877,3
395,5,7,69.69082039754747,1
395,6,7,69.69082039754747,4
395,5,7,69.62738840728078,4
395,6,7,69.62738840728078,3
395,5,7,69.62642687705613,1
395,5,8,69.62642687705613,1
395,6,8,69.62642687705613,2
395,5,8,69.61615433772172,3
395,6,8,69.61615433772172,1
395,5,8,69.61520641708286,2
395,6,8,69.61520641708286,4
395,5,8,69.6115304097141,1
395,6,8,69.6115304097141,1
395,5,8,69.60789140573408,1
395,6,8,69.60789140573408,2
395,5,8,69.58988219996121,2
395,6,8,69.58988219996121,2
395,5,8,69.58050557456528,2
395,6,9,69.58050557456528,2
395,5,9,69.57018850716602,3
395,6,9,69.57018850716602,3
395,5,9,69.54441648479256,1
395,6,9,69.54441648479256,1
395,5,9,69.53166295207504,3
395,6,9,69.53166295207504,2
395,6,9,69.52553682028383,1
395,5,9,69.52472293092137,3
395,6,9,69.52472293092137,1
395,5,9,69.52417566303052,2
395,6,9,69.52417566303052,2
397,1,10,105.55218116900389,3
397,3,10,101.40917211315085,4
397,4,5,104.12857132907502,2
398,10,3,95.54328303180384,1
398,1,3,94.94424837052819,4
398,4,10,105.28217742448379,1
398,4,6,105.98232133661503,2
399,1,10,100.33013497600658,1
399,2,3,101.88031153913515,3
400,3,4,95.57352446773058,1
400,1,4,95.28823193425691,1
400,10,4,94.74894965813363,3
401,1,10,104.91538407666943,1
401,2,10,105.44894483837302,3
401,3,10,101.02082296319037,2
401,4,10,101.90721430067546,3
402,10,3,96.44640340624798,5
403,10,1,99.14555008490166,2
403,5,1,98.49253029763759,2
403,2,3,98.37877193675143,1
403,4,10,101.81888586311064,1
403,2,7,66.04096079427333,1
403,5,7,66.02655320178188,1
403,6,7,66.02655320178188,4
403,5,7,65.84222400112378,5
403,6,7,65.84222400112378,5
403,5,7,65.5691678753926,1
403,6,7,65.5691678753926,3
403,5,7,65.51013000372785,2
403,6,7,65.51013000372785,3
403,5,7,65.5009038439598,2
403,5,8,65.5009038439598,3
403,6,8,65.5009038439598,5
403,5,8,65.46312703852516,4
403,6,8,65.46312703852516,4
403,6,8,65.38573880760458,3
403,5,8,65.38450834214245,5
403,6,8,65.38450834214245,1
403,5,8,65.38257994566902,2
403,5,9,65.38257994566902,1
403,6,9,65.38257994566902,1
403,5,9,65.3821930787006,5
403,6,9,65.3821930787006,3
403,5,9,65.38102420421436,1
403,6,9,65.38102420421436,1
403,4,9,65.3796284050421,4
403,5,9,65.37649622620302,5
403,6,9,65.37649622620302,4
403,5,9,65.37607940694764,2
404,3,10,105.08179122121783,1
404,10,4,99.63513812785274,1
405,5,3,95.50691192136227,4
405,7,2,104.4538272709847,4
405,8,10,105.04343383772542,2
405,8,10,105.25563622498976,1
405,8,5,105.68748025077889,1
405,9,5,105.68748025077889,3
405,9,6,105.68748025077889,1
406,10,1,96.44164025552897,1
406,10,4,94.05637810890035,3
407,10,1,94.81180792755103,5
407,3,10,101.80740933160425,5
408,2,5,104.34660023980283,5
408,3,6,106.33717851665763,1
408,10,4,97.3341697478674,1
408,10,4,97.1036703306508,1
409,1,10,104.80242831725391,4
410,10,1,96.41787645542776,5
410,4,10,106.15346277438083,1
411,1,10,100.86299826947487,1
411,1,10,101.04971439398717,1
411,2,10,103.45537531967264,1
411,10,3,93.95368584421433,1
411,2,4,93.95514469576557,2
412,2,6,106.18604110544256,3
412,1,10,100.73543332822416,1
413,2,10,106.060077561604,4
414,3,10,102.10524394589956,1
414,3,10,102.25782910292841,1
415,2,10,102.63662235238053,1
415,2,4,103.18047480499547,1
415,10,4,99.14181197401837,1
415,10,4,99.10148931285906,1
415,2,4,98.84936504125906,1
416,4,1,104.69454322969625,2
416,10,1,99.47031230202953,1
417,1,10,103.38184691777482,1
417,3,4,104.57904092175839,4
417,4,5,105.0862973994781,1
417,4,6,105.0862973994781,1
418,10,1,98.35666495792591,1
418,10,1,98.18953804769495,1
418,10,2,94.79882470680238,5
418,10,3,98.77950883384577,1
418,5,3,98.11100119292195,3
419,5,3,95.71307125773814,2
420,3,4,103.47936583070035,3
420,10,4,97.19858068887186,3
420,10,4,99.77157927779956,2
421,10,1,98.86148174287797,1
421,10,1,98.77301266609763,1
421,2,10,106.09044366625774,5
422,3,10,101.11398838053174,1
422,3,10,101.28105684734885,1
423,1,10,101.9841270338634,1
423,4,6,102.21644189366752,2
424,3,10,102.22753140766423,1
424,3,5,103.08672566104832,3
425,1,10,105.49982273649164,1
425,2,6,102.85881860153768,3
426,1,5,104.80927318063539,1
426,10,4,97.84394795687598,1
426,10,4,97.81763150654032,1
426,3,4,97.78600311108096,2
426,10,4,97.6845423602235,1
427,10,2,96.95445285134645,1
427,4,2,96.86904255960971,2
427,5,2,96.30989326773741,1
427,3,10,102.0196600502428,4
428,5,2,96.5998575411777,1
428,5,3,96.11069414947661,2
428,6,3,96.11069414947661,1
429,1,10,100.16065308754116,1
429,2,10,101.87372198294463,4
430,10,1,95.68986806714526,1
430,10,1,95.5366835608128,4
430,10,2,98.12560092795349,2
430,10,3,96.63994249905946,1
430,6,3,96.02720447372965,3
430,7,4,139.77952027933566,2
430,7,5,141.2936210737264,1
430,7,6,141.2936210737264,3
430,7,5,141.35885526819885,4
430,7,6,141.35885526819885,4
430,7,4,141.4728577260246,3
430,7,3,141.49200170360763,4
430,7,5,141.54021687559856,3
430,7,6,141.54021687559856,3
430,7,6,141.5738926765552,1
430,7,5,141.57842588225552,5
430,8,6,141.57842588225552,1
430,8,5,141.597859730308,4
430,8,6,141.597859730308,2
430,8,5,141.60764931170792,5
430,8,6,141.60764931170792,2
430,8,5,141.617730661,3
430,8,6,141.617730661,1
430,8,5,141.62063100079232,4
430,8,6,141.62063100079232,4
430,8,5,141.62409492085268,3
430,8,6,141.62409492085268,2
430,8,5,141.6316880181483,2
430,9,5,141.6316880181483,2
430,9,6,141.6316880181483,3
430,9,5,141.63692725619921,5
430,9,6,141.63692725619921,5
430,9,5,141.65118858539915,1
430,9,6,141.65118858539915,3
430,9,5,141.66203473317785,2
430,9,6,141.66203473317785,4
430,9,5,141.68417296637833,5
430,9,6,141.68417296637833,3
431,5,1,94.88669240822244,4
431,6,1,94.88669240822244,1
431,6,3,95.31458574212662,1
431,7,10,124.63583035668705,7
431,7,5,125.34689823176488,2
431,7,6,125.34689823176488,5
431,7,6,125.6687130260697,1
431,7,5,125.67017680102781,5
431,8,6,125.67017680102781,2
431,8,5,125.67919064520515,2
431,8,6,125.67919064520515,1
431,8,5,125.68305516577232,5
431,8,6,125.68305516577232,5
431,8,5,125.68493217606793,2
431,8,6,125.68493217606793,1
431,8,5,125.68944618784072,2
431,9,6,125.68944618784072,5
431,9,5,125.69015321173642,1
431,9,6,125.69015321173642,1
431,9,5,125.69316236744626,5
431,9,6,125.69316236744626,2
431,9,5,125.69485103394933,2
431,9,6,125.69485103394933,3
431,9,5,125.69586187341628,1
432,1,5,107.81392529121686,2
432,1,6,107.81392529121686,1
432,4,2,104.90193448490037,2
432,7,6,123.44599977049813,2
432,7,5,123.44810063158579,2
432,7,6,123.44810063158579,1
432,7,5,123.45856500065977,1
432,7,6,123.45856500065977,4
432,7,5,123.46640833472613,1
432,7,6,123.46640833472613,2
432,7,5,123.46826429682619,1
432,7,6,123.46826429682619,1
432,7,5,123.49732896601523,1
432,7,6,123.49732896601523,1
432,8,6,123.49732896601523,3
432,8,5,123.5126846833426,4
432,8,6,123.5126846833426,3
432,8,5,123.51273280724124,4
432,8,6,123.51273280724124,2
432,8,5,123.51326996612707,1
432,9,5,123.51326996612707,3
432,9,6,123.51326996612707,5
432,9,5,123.52019675165268,2
432,9,6,123.52019675165268,5
432,9,5,123.53032975165323,2
433,1,10,104.39411619651204,2
433,2,10,104.37477010705109,4
433,10,3,99.02354784500588,3
433,4,10,101.35082371646058,4
433,4,10,101.10444374512468,1
434,10,3,96.9775036659195,3
434,5,3,96.42618556891765,1
434,6,3,96.42618556891765,1
434,4,1,101.44116916902493,3
435,1,10,104.71100701118775,2
435,5,3,98.29678706888372,4
435,6,3,98.29678706888372,1
435,6,4,97.07234583906529,2
436,10,1,97.13263404860379,2
436,10,2,95.08243505993494,3
436,6,2,94.52242921199301,1
436,6,4,95.19401190507361,2
438,10,1,97.3867725280702,1
438,10,2,96.02829122703204,2
438,3,10,103.05528871444092,1
438,3,10,103.30253119263875,4
439,1,10,105.60013151640717,4
439,3,10,101.56438794766304,1
439,10,4,98.78180135808995,1
439,10,4,98.61772060465593,4
440,3,10,105.2548196767356,2
440,3,2,105.83018033958857,3
441,1,2,101.33752045168211,1
441,1,4,97.92388143591225,4
441,10,7,86.55120101203238,1
441,10,7,86.38133534299888,1
441,3,7,86.31932463257101,5
441,6,7,85.72501232926282,1
441,6,7,85.72049432178497,2
441,6,7,85.71198030202845,1
441,6,8,85.71198030202845,1
441,5,8,85.70741525804814,5
441,6,8,85.70741525804814,3
441,5,8,85.62990945488265,2
441,5,9,85.62990945488265,3
441,6,9,85.62990945488265,1
441,5,9,85.59961183613535,3
441,6,9,85.59961183613535,1
441,4,9,85.558433704628,1
441,3,9,85.51113537638844,1
441,2,9,85.5067739808645,1
442,2,10,102.30610135963113,3
443,2,10,104.47657454226362,2
443,2,5,105.09957098238236,1
443,2,6,105.09957098238236,1
444,1,5,103.25854793320227,1
444,1,6,103.25854793320227,1
444,10,2,97.08448523077453,1
444,4,10,101.00213580791461,1
445,1,10,104.93543097616654,1
445,2,10,104.85995813424009,5
445,3,10,104.65059404157375,1
445,3,1,105.33404526007834,1
445,3,5,105.42274308255591,2
445,3,6,105.42274308255591,1
445,10,4,97.15006309146136,2
446,10,1,99.78056247718112,1
446,3,2,104.18213577613515,1
446,3,6,104.48241391042694,1
447,10,2,98.89491427476891,5
448,2,10,102.7527028389487,1
448,2,10,102.99200658756243,4
448,3,10,104.521280089512,2
449,10,2,99.3788572863008,2
449,10,2,99.20375860309612,1
450,10,2,96.49562678134592,1
450,5,2,95.94927379742222,1
450,6,2,95.94927379742222,1
450,3,10,105.17909971542151,1
450,3,10,105.37462879323408,1
450,7,10,135.11814077111816,2
450,7,4,135.79358920665106,2
450,7,1,135.96774097375322,1
450,7,3,135.99901869636957,1
450,7,5,136.0084928936741,5
450,7,6,136.0084928936741,2
450,7,5,136.03092741245968,3
450,7,6,136.03092741245968,5
450,7,5,136.0401481102546,4
450,7,6,136.0401481102546,4
450,8,5,136.05200718723353,1
450,8,6,136.05200718723353,3
450,8,5,136.08419279804576,1
450,8,6,136.08419279804576,5
450,8,5,136.1106940114156,3
450,8,6,136.1106940114156,2
450,8,5,136.1311360648386,3
450,8,6,136.1311360648386,4
450,8,5,136.18158553028857,1
450,8,6,136.18158553028857,3
450,8,5,136.20351495855027,1
450,8,6,136.20351495855027,2
450,9,6,136.20351495855027,1
450,9,6,136.2196763556804,3
450,9,5,136.22087413998102,4
450,9,6,136.22087413998102,1
450,9,5,136.2232819339984,4
450,9,6,136.2232819339984,4
450,9,5,136.2509512664659,4
450,9,6,136.2509512664659,1
450,9,5,136.2655024459413,3
450,9,6,136.2655024459413,3
450,9,3,136.3311442720892,1
451,2,4,107.10761365416087,1
451,2,5,107.14693123726249,1
451,2,6,107.14693123726249,1
451,4,6,104.16816977040241,2
451,4,5,104.20002111318803,1
451,1,10,101.201837044208,4
452,10,1,97.41489410055068,1
452,5,1,96.91330726983486,4
452,6,2,95.93841588258469,4
453,4,7,101.47311050747767,1
453,4,8,101.47311050747767,1
453,4,9,101.47311050747767,1
453,4,10,101.61801053503146,2
454,1,10,105.02264311864485,1
454,1,10,105.3042087811142,4
454,10,7,75.11114417739304,8
454,1,7,74.99047782920846,4
454,6,7,74.54348040773732,1
454,5,7,74.46570088739614,5
454,6,7,74.46570088739614,2
454,2,8,74.24173152836097,1
454,1,8,74.23356611506223,1
454,5,8,74.22523587003495,1
454,6,8,74.22523587003495,5
454,1,8,74.2211745975405,1
454,6,8,74.20465002142848,4
454,5,8,74.19080865558603,2
454,6,8,74.19080865558603,5
454,5,9,74.16448904665351,3
454,6,9,74.16448904665351,1
454,5,9,74.16219870600283,5
454,6,9,74.16219870600283,2
454,5,9,74.1514206428871,3
454,6,9,74.1514206428871,1
454,5,9,74.14568631391018,2
454,6,9,74.14568631391018,3
455,10,1,99.53787639931994,1
455,5,3,93.19356312027192,2
455,6,3,93.19356312027192,1
455,5,4,95.23738465899868,1
456,5,3,94.83656191195797,3
456,6,3,94.83656191195797,2
456,6,4,94.01651055752227,1
456,10,1,99.19125077487149,3
457,3,1,101.9321102891252,3
457,10,4,94.65505577605524,5
458,1,10,102.25015676368571,3
458,1,10,102.52837008012271,1
458,10,3,98.94196122129122,2
458,10,4,98.66217734881869,5
459,10,1,97.01062939546512,2
459,6,3,97.5919156716694,2
459,5,3,97.48981108585943,3
459,10,4,99.61709617093783,2
460,1,10,103.23924179340473,1
460,4,10,103.45719864909304,3
461,1,10,105.42187207765932,2
461,1,5,105.53320209090435,1
461,3,5,101.10979333680882,2
461,4,5,101.68383064282948,2
461,4,6,101.68383064282948,1
462,10,1,96.5098422862792,1
462,10,1,96.43849878196662,1
462,2,1,95.48140178234699,3
462,2,3,94.1100357495335,1
462,7,10,116.13534892354518,3
462,7,6,116.5223692789486,4
462,7,2,116.58923119321925,3
462,7,5,116.86776286299806,3
462,8,5,116.86776286299806,2
462,8,6,116.86776286299806,3
462,8,5,117.10738601431174,5
462,8,6,117.10738601431174,3
462,9,2,117.12035531215332,1
462,9,5,117.14832149039717,4
462,9,6,117.14832149039717,5
462,9,5,117.23295180906794,3
463,5,1,92.4672942917472,2
463,7,10,126.68642374441652,1
463,7,5,127.37248113276394,3
463,7,6,127.37248113276394,1
463,7,6,127.85294921547887,5
463,7,5,127.87363760456347,4
463,7,6,127.87363760456347,4
463,7,5,127.92480694967023,4
463,8,5,127.92480694967023,1
463,8,6,127.92480694967023,3
463,8,5,127.95242965092686,1
463,8,6,127.95242965092686,4
463,8,5,128.08167654464555,2
463,8,6,128.08167654464555,5
463,8,5,128.0885488540119,1
463,8,6,128.0885488540119,4
463,8,5,128.09372095128305,1
463,9,5,128.09372095128305,2
463,9,6,128.09372095128305,4
463,9,5,128.22846824787916,1
463,9,6,128.22846824787916,4
463,9,5,128.26330350430152,4
463,9,6,128.26330350430152,1
463,9,5,128.27434214767473,1
463,9,6,128.27434214767473,2
463,9,5,128.30126792520807,3
464,2,1,106.90599793478951,2
465,10,4,98.56497627826408,3
466,10,1,94.91418893322702,1
466,3,1,101.33939752722985,1
466,10,4,95.56160741223698,1
466,10,4,95.36582045698096,4
467,2,10,102.85894122222105,3
467,10,4,94.27813887065196,1
467,10,4,94.03340517658192,1
468,1,10,105.21773754665179,3
468,2,10,101.42079477266734,1
468,10,3,96.16867634403835,2
468,5,3,95.85051891870279,1
468,6,3,95.85051891870279,1
469,10,1,99.14230690131171,1
469,6,1,98.60355078078445,1
469,3,10,102.76713058574941,1
469,4,10,103.7172056324484,1
470,2,1,105.05267155951181,4
470,6,4,95.9608375754679,1
471,3,10,105.04876415079983,2
471,10,4,97.36572079875423,4
471,7,3,143.37819222622036,4
471,7,10,143.47852003412635,7
471,7,5,144.12529301449047,1
471,7,6,144.12529301449047,3
471,7,5,144.24057692483802,4
471,7,6,144.24057692483802,5
471,7,1,144.25424637494174,1
471,7,5,144.29144099170622,1
471,7,6,144.29144099170622,2
471,7,5,144.34091773940673,3
471,7,6,144.34091773940673,2
471,7,5,144.35986853195675,1
471,7,6,144.35986853195675,1
471,8,6,144.35986853195675,1
471,8,5,144.53835599787712,1
471,8,6,144.53835599787712,5
471,8,5,144.55072518480225,5
471,8,6,144.55072518480225,2
471,8,5,144.7680004590073,1
471,8,6,144.7680004590073,1
471,8,5,144.7766812414165,2
471,8,6,144.7766812414165,5
471,8,5,144.7814803902163,3
471,8,6,144.7814803902163,4
471,8,5,144.79043102637058,1
471,8,6,144.79043102637058,1
471,8,5,144.79518072653963,3
471,9,6,144.79518072653963,3
471,9,5,144.80120563515783,1
471,9,6,144.80120563515783,4
471,9,2,144.81700244470747,1
471,9,5,144.84811010861387,1
471,9,6,144.84811010861387,4
471,9,5,144.88297384884984,5
471,9,6,144.88297384884984,2
471,9,5,144.92314100242126,4
471,9,6,144.92314100242126,5
471,9,2,144.927291090928,2
471,9,5,144.93038076420117,3
472,10,1,99.09916531236755,1
472,2,5,105.63708268938376,1
473,3,10,102.65293993797319,2
473,4,10,101.22674362860553,1
474,10,3,95.74218017246329,1
474,5,3,95.48744651125224,1
474,4,7,88.43571932005341,5
474,5,7,88.33843862055508,2
474,6,7,88.33843862055508,2
474,6,8,88.33843862055508,2
474,6,8,88.13546395500265,2
474,3,8,88.04878633052671,4
474,1,8,87.99607246308373,1
474,5,9,87.63540367277918,2
474,6,9,87.63540367277918,4
474,5,9,87.62614992373233,3
475,10,1,98.41084493416028,1
475,5,1,97.32795538329094,2
475,6,1,97.32795538329094,1
475,2,10,102.06909325576754,3
475,2,10,102.43464281568941,2
475,6,4,95.37774799724157,2
475,5,4,95.37721505221666,1
476,3,10,103.1330101769658,1
476,3,10,103.56098032865927,1
477,10,1,99.263806110659,5
477,10,4,97.78494915052198,4
478,4,10,101.30653421926898,1
478,4,10,101.70749047440887,4
479,3,10,104.03200657807886,2
479,4,10,102.55063862502175,1
480,10,3,94.92401028678074,2
480,10,3,94.71077468209567,1
480,2,3,94.52976459669337,1
480,2,4,99.0604100248393,2
481,3,2,97.53736648581841,4
481,3,10,101.74189141971988,1
481,3,10,101.82880325821205,1
481,5,4,95.93306997457307,3
481,6,4,95.93306997457307,1
481,5,4,95.89816067296422,1
482,2,10,105.42200329962205,1
482,10,3,97.89542677634068,4
483,1,10,101.21631441182198,1
483,4,3,96.90911133907116,3
483,10,3,96.90851509072863,1
484,10,1,98.61109665974212,1
484,4,10,104.73680689822959,1
484,4,10,105.16713660821027,4
484,7,5,129.50980447368144,1
484,7,6,129.50980447368144,4
484,7,5,129.53435901521897,1
484,7,6,129.53435901521897,3
484,7,5,129.9380222030643,3
484,7,6,129.9380222030643,1
484,7,5,129.94693746328582,5
484,7,6,129.94693746328582,5
484,7,5,129.98039691052048,1
484,8,5,129.98039691052048,4
484,8,6,129.98039691052048,3
484,8,5,130.037667119782,3
484,8,6,130.037667119782,4
484,8,5,130.0835415225372,1
484,8,6,130.0835415225372,3
484,8,5,130.0922119616214,4
484,8,6,130.0922119616214,1
484,8,5,130.0970490561102,1
484,9,5,130.0970490561102,1
484,9,6,130.0970490561102,1
484,9,5,130.152427544045,3
484,9,6,130.152427544045,1
484,9,5,130.22501126924195,4
484,9,6,130.22501126924195,5
484,9,5,130.2617107914461,5
484,9,6,130.2617107914461,1
484,9,6,130.60522712417986,3
485,1,5,106.5453792990982,1
485,4,5,105.72612045107167,2
485,4,6,105.72612045107167,1
485,7,6,106.09215975198956,1
485,7,1,106.10191529334008,1
485,8,1,106.10191529334008,2
485,9,1,106.10191529334008,2
486,10,1,97.31959958598048,1
486,2,10,102.34602496067825,2
486,3,10,104.45199226152086,1
487,10,2,94.45251923660192,1
487,10,2,94.25561036448225,3
487,3,10,103.07823816093082,3
487,4,10,100.28185108576955,1
488,10,2,97.31692928847136,1
488,10,7,78.72029208809707,1
488,5,7,78.58076843278863,4
488,6,7,78.58076843278863,5
488,3,7,78.35410034945187,4
488,5,7,77.91156521255193,1
488,6,7,77.91156521255193,1
488,6,7,77.88238574077013,1
488,5,8,77.87115287384188,3
488,6,8,77.87115287384188,2
488,5,8,77.81557213739359,1
488,6,8,77.81557213739359,2
488,5,8,77.81334268509501,2
488,6,8,77.81334268509501,3
488,3,8,77.79790013874884,4
488,3,9,77.79790013874884,1
488,6,9,77.78514804918865,2
488,5,9,77.78030630405692,5
488,6,9,77.78030630405692,4
488,5,9,77.76066558681555,1
488,6,9,77.76066558681555,2
488,5,9,77.75777339303968,2
489,10,2,99.05237316751415,2
490,2,10,103.84632156449682,1
490,2,10,104.23872992110967,3
490,3,4,94.21848799311823,2
490,10,4,93.61781951227434,3
491,10,2,98.15257022759332,2
492,1,10,100.52203708622727,2
492,10,3,98.81759801433577,3
492,4,10,104.03078700538128,1
492,7,10,111.5878298055372,9
492,8,10,111.5878298055372,2
492,8,5,111.79814964225966,2
492,8,6,111.79814964225966,4
492,8,5,112.27294352298426,1
492,9,5,112.27294352298426,3
492,9,6,112.27294352298426,4
492,9,5,112.29799390290647,2
493,10,1,97.9784235580708,2
493,10,1,97.73459708946261,2
