time,buyer,seller,price,qty
50,26,25,100.15033705247662,1
50,28,26,100.15033705247662,1
50,28,27,100.15033705247662,1
50,29,28,100.15033705247662,1
50,33,29,100.15033705247662,1
50,33,30,100.15033705247662,1
50,33,31,100.15033705247662,1
50,35,34,100.15033705247662,1
50,36,35,100.15033705247662,1
51,28,2,97.10255768240395,1
51,29,2,97.10255768240395,1
51,31,2,97.10255768240395,1
51,32,2,97.10255768240395,1
51,33,2,97.10255768240395,1
51,34,12,92.48430416352178,1
51,35,12,92.48430416352178,1
51,36,12,92.48430416352178,1
51,26,13,92.48430416352176,1
51,28,13,92.48430416352176,1
51,31,13,92.48430416352176,1
51,33,14,92.48430416352176,1
51,34,14,92.48430416352176,1
51,35,14,92.48430416352176,1
51,30,15,92.48430416352166,1
51,31,15,92.48430416352166,1
51,34,15,92.48430416352166,1
51,34,16,92.48430416352025,1
51,32,16,92.48430416351002,1
51,34,16,92.48430416351002,1
51,35,17,92.48430416351002,1
51,36,17,92.48430416351002,1
51,25,17,92.48430416344027,1
51,26,18,92.48430416344027,1
51,27,18,92.48430416344027,1
51,29,18,92.48430416344027,1
51,30,19,92.48430416344027,1
51,31,19,92.48430416344027,1
51,33,19,92.48430416344027,1
51,25,36,100.15033705247662,1
51,26,25,100.15033705247662,1
51,26,27,100.15033705247662,1
51,26,29,100.15033705247662,1
51,27,30,100.15033705247662,1
51,27,31,100.15033705247662,1
51,27,32,100.15033705247662,1
51,30,35,100.15033705247662,1
51,30,36,100.15033705247662,1
51,30,27,100.15034919561913,1
51,32,28,100.15034919561913,1
51,32,29,100.15034919561913,1
51,32,30,100.15034919561913,1
51,33,31,100.15034919561913,1
51,33,32,100.15034919561913,1
51,33,35,100.15034919561913,1
52,25,36,100.15035223138439,1
52,25,6,100.16284615977239,2
52,30,6,100.16284615977239,1
52,30,7,100.16284615977239,2
52,31,7,100.16284615977239,1
52,31,8,100.16285032643904,2
52,34,10,100.16285865977238,2
52,34,11,100.16285865977238,1
52,35,11,100.16285865977238,1
52,35,9,100.16286282643904,2
52,36,5,100.20905551816699,3
53,12,6,107.44338766279301,2
53,12,7,107.44338766279301,1
53,13,7,107.44338766279301,1
53,13,8,107.44338766279301,2
53,14,10,107.44339599612636,2
53,14,11,107.44339599612636,1
53,15,11,107.44339599612636,1
53,15,9,107.44340016279301,2
53,16,5,107.46023287779633,1
53,16,5,108.27932411236308,2
53,17,5,108.27932411236308,3
53,18,4,109.22332161994339,3
53,19,4,109.22332161994339,2
53,19,1,109.58349012147366,1
54,6,25,101.89805765679827,3
54,7,25,101.89805765679827,3
54,8,25,101.89805765679827,2
54,8,26,101.89805765679827,1
54,10,26,101.89804932346493,3
54,11,26,101.89804932346493,3
54,9,26,101.89804515679828,1
54,9,30,101.89804515679828,2
55,6,25,100.81440380036763,1
55,6,28,100.81440380036763,1
55,6,30,100.81440380036763,1
55,7,31,100.81440380036763,1
55,7,32,100.81440380036763,1
55,7,33,100.81440380036763,1
55,8,35,100.81440380036763,1
56,6,27,100.8144079670343,1
56,6,29,100.8144079670343,1
56,7,30,100.8144079670343,1
56,7,31,100.8144079670343,1
56,8,33,100.8144079670343,1
56,8,35,100.8144079670343,1
57,8,26,100.8144079670343,1
57,8,27,100.8144079670343,1
57,6,28,100.81439963370096,1
57,6,30,100.81439963370096,1
57,7,32,100.81439963370096,1
57,7,33,100.81439963370096,1
57,10,34,100.8143954670343,1
57,10,35,100.8143954670343,1
57,10,36,100.8143954670343,1
58,1,8,101.2484826848635,2
58,8,25,100.8143985920343,1
58,8,27,100.8143985920343,1
58,10,29,100.8143985920343,1
58,10,30,100.8143985920343,1
58,10,31,100.8143985920343,1
58,11,32,100.81438609203428,1
58,11,33,100.81438609203428,1
58,11,34,100.81438609203428,1
58,6,35,100.81438192536763,1
58,6,36,100.81438192536763,1
59,11,25,100.8143860920343,1
59,11,26,100.8143860920343,1
59,11,27,100.8143860920343,1
59,10,28,100.81438192536763,1
59,10,30,100.81438192536763,1
59,8,31,100.81437775870097,1
59,8,32,100.81437775870097,1
59,7,33,100.81436942536763,1
59,7,35,100.81436942536763,1
60,11,12,90.79934051413588,2
60,10,12,90.79933218080254,2
60,8,12,90.79932801413588,1
60,8,13,90.79932801413588,1
60,9,13,90.79932801413588,3
60,6,13,90.79931968080254,1
60,6,14,90.79931968080254,1
60,7,14,90.79931968080254,2
60,25,14,90.52583761992383,2
60,28,15,90.52583761992383,2
60,29,15,90.52583761992383,2
60,30,15,90.52583761992383,1
60,30,16,90.52583761992383,1
60,31,16,90.52583761992383,2
60,34,16,90.52583761992383,2
60,36,17,90.52583761992383,2
60,34,17,90.36082170990481,1
60,36,17,90.36082170990481,1
60,25,17,90.35769670998633,1
60,26,18,90.35769670998633,1
60,27,18,90.35769670998633,1
60,29,18,90.35769670998633,1
60,30,18,90.35769670998633,1
60,33,18,90.35769670998633,1
60,34,19,90.35769670998633,1
60,35,19,90.35769670998633,1
60,4,19,90.25119991346217,3
61,26,9,100.36251700433039,1
61,27,9,100.36251700433039,1
61,28,11,100.36252533766373,1
61,30,11,100.36252533766373,1
61,31,11,100.36252533766373,1
61,33,10,100.36253367099704,1
61,34,10,100.36253367099704,1
61,35,10,100.36253367099704,1
61,36,8,100.36253783766372,1
62,25,11,100.36252846266372,1
62,27,11,100.36252846266372,1
62,28,11,100.36252846266372,1
62,30,10,100.36253679599704,1
62,31,10,100.36253679599704,1
62,32,10,100.36253679599704,1
62,34,9,100.36254096266373,1
63,5,9,102.90513627160438,1
63,5,8,102.9051446049377,3
63,5,6,102.9051571049377,1
63,25,10,100.36253367099705,1
63,26,10,100.36253367099705,1
63,28,10,100.36253367099705,1
63,29,11,100.36254200433038,1
63,30,11,100.36254200433038,1
63,31,8,100.36254617099705,1
63,33,8,100.36254617099705,1
63,34,8,100.36254617099705,1
63,35,9,100.36255867099705,1
63,36,9,100.36255867099705,1
64,25,8,100.36255867099706,1
64,26,8,100.36255867099706,1
64,28,8,100.36255867099706,1
64,29,10,100.36257117099706,1
64,30,10,100.36257117099706,1
64,31,11,100.36257533766371,1
64,32,11,100.36257533766371,1
64,35,6,100.36259200433038,1
64,36,6,100.36259200433038,1
65,25,8,100.36259617099705,1
65,26,8,100.36259617099705,1
65,27,10,100.36260450433039,1
65,29,10,100.36260450433039,1
65,30,6,100.36260867099705,1
65,31,6,100.36260867099705,1
65,32,6,100.36260867099705,1
65,33,11,100.36260867099705,1
65,34,11,100.36260867099705,1
66,25,6,100.36261179599705,1
66,27,6,100.36261179599705,1
66,29,6,100.36261179599705,1
66,30,8,100.3626201293304,1
66,33,8,100.3626201293304,1
66,34,10,100.36262846266372,1
66,35,10,100.36262846266372,1
66,36,9,100.36263262933039,1
67,26,6,100.36261492099706,1
67,27,6,100.36261492099706,1
67,28,6,100.36261492099706,1
67,29,8,100.36264408766372,1
67,30,8,100.36264408766372,1
67,31,11,100.3626482543304,1
67,32,11,100.3626482543304,1
67,33,7,100.36265242099705,1
67,35,7,100.36265242099705,1
67,36,7,100.36265242099705,1
68,25,6,100.36265554599706,1
68,26,6,100.36265554599706,1
68,28,7,100.36266804599705,1
68,29,7,100.36266804599705,1
68,31,7,100.36266804599705,1
68,32,8,100.36268054599705,1
68,33,8,100.36268054599705,1
68,34,9,100.36268054599705,1
68,35,9,100.36268054599705,1
68,36,10,100.36268054599705,1
69,25,7,100.36267429599704,1
69,26,7,100.36267429599704,1
69,27,7,100.36267429599704,1
69,32,6,100.36268262933038,1
69,34,6,100.36268262933038,1
69,35,10,100.36270346266372,1
70,2,10,103.62130126902312,1
70,2,11,103.62130126902312,1
70,3,11,101.66288895858594,1
70,27,7,100.36268367099706,1
70,29,7,100.36268367099706,1
70,31,7,100.36268367099706,1
70,32,6,100.36271283766371,1
70,34,6,100.36271283766371,1
70,35,8,100.36272950433039,1
70,36,9,100.36272950433039,1
71,7,12,90.22734844222452,3
71,6,12,90.22732344222452,2
71,6,13,90.22732344222452,1
71,8,13,90.22731094222452,4
71,9,14,90.22731094222452,4
71,10,14,90.22731094222452,1
71,10,15,90.22731094222452,3
71,11,15,90.22731094222452,2
71,11,16,90.22731094222452,2
71,4,16,89.99698306668675,2
71,1,16,89.79692485096183,1
71,1,17,89.79692485096183,1
71,2,17,89.73989837022819,4
71,4,18,89.69960149023808,2
71,5,18,89.61728125307195,1
71,5,18,89.59998673545425,1
71,2,18,89.58563987483598,1
71,1,19,89.53759076325989,4
71,2,19,89.5335478905647,1
71,25,7,100.36273367099705,1
71,26,7,100.36273367099705,1
71,27,6,100.36275867099704,1
71,28,6,100.36275867099704,1
71,29,8,100.36277117099704,1
71,30,9,100.36277117099704,1
71,31,10,100.36277117099704,1
71,32,11,100.36277117099704,1
72,3,25,101.0414150828421,1
72,3,26,101.0414150828421,1
72,3,27,101.0414150828421,1
75,2,25,104.26421409932387,1
75,2,26,104.26421409932387,1
75,2,30,104.26421409932387,1
75,25,12,90.81242721007716,1
75,26,12,90.81242721007716,1
75,27,12,90.81242721007716,1
75,28,12,90.81242721007716,1
75,30,13,90.81242721007716,1
75,31,13,90.81242721007716,1
75,32,13,90.81242721007716,1
75,33,13,90.81242721007716,1
75,34,14,90.81242721007716,1
75,35,14,90.81242721007716,1
75,36,14,90.81242721007716,1
75,25,14,90.81044555689469,1
75,28,15,90.81044555689469,1
75,29,15,90.81044555689469,1
75,30,15,90.81044555689469,1
75,31,15,90.81044555689469,1
75,33,16,90.81044555689469,1
75,35,16,90.81044555689469,1
75,7,16,90.80075823234128,2
75,7,17,90.80075823234128,1
75,6,17,90.80073323234129,3
75,8,18,90.80072906567463,3
75,9,18,90.80072906567463,1
75,9,19,90.80072906567463,2
75,10,19,90.80072906567463,2
76,10,5,100.05437789942982,1
76,11,5,100.05437789942982,1
77,26,1,99.82653297277852,1
77,27,1,99.82653297277852,1
77,28,1,99.82653297277852,1
77,31,1,99.82653297277852,1
78,4,26,104.00382089847565,1
78,4,27,104.00382089847565,1
78,4,28,104.00382089847565,1
78,5,30,103.90959684220917,1
79,25,5,98.43261053144899,1
79,26,5,98.43261053144899,1
79,27,5,98.43261053144899,1
79,28,5,98.43261053144899,1
79,30,5,98.43261053144899,1
80,31,2,96.7332464820638,1
80,35,2,96.7332464820638,1
80,36,2,96.7332464820638,1
80,25,2,96.73268565724362,1
80,12,25,100.99786260888561,1
80,13,26,100.99786260888561,1
80,14,27,100.99786260888561,1
80,15,29,100.99786260888561,1
80,16,31,100.99786260888561,1
80,17,32,100.99786260888561,1
80,18,34,100.99786260888561,1
80,19,35,100.99786260888561,1
81,12,31,109.69414783998508,1
81,12,33,109.69414783998508,1
81,12,34,109.69414783998508,1
81,12,36,109.69414783998508,1
81,13,32,109.6953311378844,1
81,13,33,109.6953311378844,1
81,13,34,109.6953311378844,1
81,13,36,109.6953311378844,1
81,14,7,109.70647948773328,3
81,14,6,109.70649615439993,1
81,15,6,109.70649615439993,1
81,15,8,109.7065003210666,2
81,15,9,109.7065003210666,1
81,16,9,109.7065003210666,1
81,16,10,109.7065003210666,2
81,16,11,109.70650865439993,1
81,17,11,109.70650865439993,1
81,17,28,109.76898041394807,1
81,17,29,109.76898041394807,1
81,17,30,109.76898041394807,1
81,18,31,109.76898041394807,1
81,18,32,109.76898041394807,1
81,18,33,109.76898041394807,1
81,18,35,109.76898041394807,1
81,19,36,109.76898041394807,1
81,19,30,110.13021399109162,3
82,25,5,100.07304680075444,1
82,26,5,100.07304680075444,1
82,28,5,100.07304680075444,1
83,29,3,99.54767684828636,1
83,30,3,99.54767684828636,1
83,31,3,99.54767684828636,1
83,32,3,99.54767684828636,1
83,33,3,99.54767684828636,1
85,35,3,98.67528432144606,1
85,26,3,98.67465229798825,1
85,27,3,98.67465229798825,1
85,12,25,110.66148394121238,1
85,12,26,110.66148394121238,1
85,12,29,110.66148394121238,1
85,12,30,110.66148394121238,1
85,12,32,110.66148394121238,1
85,13,33,110.66148394121238,1
85,13,34,110.66148394121238,1
85,13,36,110.66148394121238,1
85,13,25,110.66148797606567,1
85,13,26,110.66148797606567,1
85,14,28,110.66148797606567,1
85,14,29,110.66148797606567,1
85,14,30,110.66148797606567,1
85,14,31,110.66148797606567,1
85,14,33,110.66148797606567,1
85,15,34,110.66148797606567,1
85,15,35,110.66148797606567,1
85,15,36,110.66148797606567,1
85,15,25,110.6615041154788,1
85,15,28,110.6615041154788,1
85,16,29,110.6615041154788,1
85,16,33,110.6615041154788,1
85,16,34,110.6615041154788,1
85,16,35,110.6615041154788,1
85,16,25,110.66156867313134,1
85,17,26,110.66156867313134,1
85,17,28,110.66156867313134,1
85,17,29,110.66156867313134,1
85,17,30,110.66156867313134,1
85,17,31,110.66156867313134,1
85,18,33,110.66156867313134,1
85,18,34,110.66156867313134,1
85,18,36,110.66156867313134,1
85,18,7,110.6739912368918,2
85,19,6,110.67401207022513,2
85,19,8,110.67401623689179,2
85,19,9,110.67401623689179,1
86,26,1,97.07762614996413,1
86,28,1,97.07762614996413,1
86,29,1,97.07762614996413,1
87,30,2,96.89745155208924,1
87,32,2,96.89745155208924,1
87,33,2,96.89745155208924,1
87,34,2,96.89745155208924,1
87,29,2,96.89681846203689,1
87,31,3,99.69616114209163,1
87,32,3,99.69616114209163,1
88,33,5,99.69630003634211,1
88,36,5,99.69630003634211,1
89,32,2,98.26383710841264,1
91,25,2,95.71795430455163,1
91,26,2,95.71795430455163,1
91,29,2,95.71795430455163,1
91,30,3,97.71117647438982,1
91,31,3,97.71117647438982,1
94,25,2,99.66783972460918,1
94,27,2,99.66783972460918,1
94,28,2,99.66783972460918,1
94,29,2,99.66783972460918,1
95,26,5,98.03235708361876,1
95,27,5,98.03235708361876,1
95,30,5,98.03235708361876,1
95,31,5,98.03235708361876,1
95,32,5,98.03235708361876,1
96,5,26,102.24324745416067,1
96,5,28,102.24324745416067,1
96,5,31,102.24324745416067,1
96,5,32,102.24324745416067,1
97,25,3,96.94967285743581,1
97,26,3,96.94967285743581,1
97,27,3,96.94967285743581,1
97,31,3,96.94967285743581,1
99,26,25,100.41809239550876,1
99,28,25,100.41809239550876,1
99,29,25,100.41809239550876,1
99,30,26,100.41809239550876,1
99,31,26,100.41809239550876,1
99,33,26,100.41809239550876,1
99,34,28,100.41809239550876,1
99,36,28,100.41809239550876,1
99,32,28,100.41809230536883,1
99,33,29,100.41809230536883,1
99,34,29,100.41809230536883,1
99,36,29,100.41809230536883,1
99,33,31,100.41809075692639,1
99,34,31,100.41809075692639,1
99,35,31,100.41809075692639,1
99,36,33,100.41809075692639,1
99,30,33,100.41808456315664,1
99,31,33,100.41808456315664,1
99,32,34,100.41808456315664,1
99,33,34,100.41808456315664,1
99,35,34,100.41808456315664,1
99,25,35,100.41805978807761,1
99,26,35,100.41805978807761,1
99,30,35,100.41805978807761,1
99,31,36,100.41805978807761,1
99,32,36,100.41805978807761,1
99,33,36,100.41805978807761,1
100,34,5,97.33512384408425,1
100,35,5,97.33512384408425,1
100,36,25,100.41805163621983,1
100,32,25,100.41791621738795,1
100,33,25,100.41791621738795,1
100,34,27,100.41791621738795,1
100,35,27,100.41791621738795,1
100,36,27,100.41791621738795,1
100,25,29,100.41737454206041,1
100,26,29,100.41737454206041,1
100,27,29,100.41737454206041,1
100,31,30,100.41737454206041,1
100,33,30,100.41737454206041,1
100,34,30,100.41737454206041,1
100,36,31,100.41737454206041,1
100,33,31,100.41520784075027,1
100,34,31,100.41520784075027,1
100,35,32,100.41520784075027,1
100,36,32,100.41520784075027,1
100,7,32,100.4055513029658,1
100,7,34,100.4055513029658,2
100,10,34,100.40553463629914,1
100,10,36,100.40553463629914,2
100,6,36,100.40553046963248,1
101,1,25,101.12639975919564,1
101,1,26,101.12639975919564,1
101,1,29,101.12639975919564,1
101,1,31,101.12639975919564,1
101,1,32,101.12639975919564,1
101,4,33,104.73746414685377,1
101,5,35,103.99876198300942,1
101,7,12,91.78451104026402,3
101,10,12,91.78449437359737,1
101,10,13,91.78449437359737,2
101,6,13,91.78448187359737,2
101,6,14,91.78448187359737,1
101,9,14,91.78447770693069,3
101,8,15,91.78447354026403,4
101,11,16,91.78447354026403,4
101,33,17,91.71958306664598,1
101,34,17,91.71958306664598,1
101,35,17,91.71958306664598,1
101,5,17,91.50409291672452,1
101,1,18,91.3832730970108,3
101,3,18,90.96433606811493,1
101,1,19,90.91942139630777,1
101,1,19,90.90520199852912,1
101,2,19,90.25324031596915,2
102,3,25,103.07119291847964,3
102,5,26,102.40579186026393,2
102,25,7,99.12826623242088,3
102,25,10,99.12826623242088,2
102,26,6,99.12827873242088,2
102,26,8,99.12828289908754,2
102,26,9,99.12828289908754,1
102,27,9,99.12828289908754,1
102,27,11,99.12828289908754,2
103,5,26,102.49931123664788,1
103,5,27,102.49931123664788,3
103,25,7,99.82777540769104,1
103,26,7,99.82777540769104,1
103,27,10,99.82778790769103,1
103,28,10,99.82778790769103,1
103,29,6,99.82780040769103,1
103,30,6,99.82780040769103,1
103,31,8,99.82780457435769,1
103,32,8,99.82780457435769,1
103,33,9,99.82780457435769,1
103,34,9,99.82780457435769,1
103,35,11,99.82780457435769,1
104,27,7,99.82780561602436,1
104,29,7,99.82780561602436,1
104,30,10,99.82781811602436,1
104,31,10,99.82781811602436,1
104,33,6,99.82783061602436,1
104,34,6,99.82783061602436,1
104,36,11,99.82783061602436,1
105,7,1,97.65464708205394,2
105,2,11,103.97742731392341,1
105,2,8,103.97743148059008,2
105,7,12,97.57136509925586,1
105,7,13,97.57136509925586,1
105,7,14,97.57136509925586,1
105,10,15,97.57134426592253,1
105,10,16,97.57134426592253,1
105,10,17,97.57134426592253,1
105,9,18,97.5713359325892,1
105,9,19,97.5713359325892,1
105,27,7,99.82782436602436,1
105,28,7,99.82782436602436,1
105,29,10,99.82784519935768,1
105,30,10,99.82784519935768,1
105,32,9,99.82785353269102,1
105,33,9,99.82785353269102,1
105,34,6,99.8278576993577,1
105,35,11,99.8278576993577,1
105,36,8,99.82786186602436,1
106,9,3,96.31636758863836,2
106,6,3,96.31636342197169,3
106,7,25,99.95499186964159,1
106,7,26,99.95499186964159,1
106,7,28,99.95499186964159,1
106,10,29,99.95497103630825,1
106,10,30,99.95497103630825,1
106,10,31,99.95497103630825,1
106,9,36,99.9549668696416,1
107,7,25,99.95497728630826,1
107,7,26,99.95497728630826,1
107,10,27,99.95496478630825,1
107,10,28,99.95496478630825,1
107,10,29,99.95496478630825,1
107,9,31,99.95495228630826,1
107,9,32,99.95495228630826,1
107,9,33,99.95495228630826,1
107,6,34,99.95494395297493,1
107,6,35,99.95494395297493,1
107,6,36,99.95494395297493,1
108,10,26,99.95494291130825,1
108,10,28,99.95494291130825,1
108,10,29,99.95494291130825,1
108,7,30,99.95493457797492,1
108,7,31,99.95493457797492,1
108,9,32,99.95493041130825,1
108,9,33,99.95493041130825,1
108,9,34,99.95493041130825,1
108,6,36,99.95492207797493,1
109,2,10,100.1259850419867,2
109,2,7,100.12599337532004,3
109,12,10,102.27424764285269,1
109,13,10,102.27424764285269,1
109,14,10,102.27424764285269,1
109,15,9,102.27425180951936,1
109,16,9,102.27425180951936,1
109,17,7,102.27425597618603,1
109,18,7,102.27425597618603,1
109,19,7,102.27425597618603,1
109,10,26,99.95493145297492,1
109,10,28,99.95493145297492,1
109,10,30,99.95493145297492,1
109,9,32,99.95492728630825,1
109,9,35,99.95492728630825,1
110,10,25,99.95494395297492,1
110,10,27,99.95494395297492,1
110,10,30,99.95494395297492,1
110,7,32,99.95493978630824,1
110,7,34,99.95493978630824,1
110,7,36,99.95493978630824,1
111,9,27,99.95493666130824,1
111,9,28,99.95493666130824,1
111,9,29,99.95493666130824,1
111,7,31,99.95493249464158,1
111,7,32,99.95493249464158,1
111,10,33,99.95492832797491,1
111,10,35,99.95492832797491,1
111,6,36,99.95491999464159,1
112,4,9,101.0477379610894,2
112,5,7,104.91518216303456,3
112,5,10,104.91518632970121,2
112,9,25,99.95492832797491,1
112,9,26,99.95492832797491,1
112,9,27,99.95492832797491,1
112,7,28,99.95492416130824,1
112,7,29,99.95492416130824,1
112,10,30,99.95491582797492,1
112,10,31,99.95491582797492,1
112,6,33,99.95491166130824,1
112,6,34,99.95491166130824,1
112,6,35,99.95491166130824,1
113,1,9,101.27089493692814,2
113,2,9,102.839695410574,1
113,2,7,102.83969957724065,2
113,3,7,101.62530185127248,1
113,3,10,101.62531018460581,3
113,3,6,101.6253143512725,1
113,5,6,104.94549522407229,1
113,5,11,104.94552855740562,1
113,5,8,104.94553272407228,1
113,7,25,99.9548908279749,1
113,7,26,99.9548908279749,1
113,7,29,99.9548908279749,1
113,9,30,99.9548908279749,1
113,9,31,99.9548908279749,1
113,9,34,99.9548908279749,1
113,10,35,99.95488249464157,1
113,10,36,99.95488249464157,1
114,6,12,93.06593394811793,3
114,7,13,93.06593394811793,2
114,9,13,93.06593394811793,1
114,9,14,93.06593394811793,1
114,10,14,93.06592978145127,2
114,11,15,93.06589228145127,3
114,11,16,93.06589228145127,1
114,8,16,93.0658881147846,2
114,8,17,93.0658881147846,2
114,3,17,92.88346833876354,1
114,27,18,92.76155310755016,2
114,28,18,92.76155310755016,1
114,28,19,92.76155310755016,3
115,4,25,104.19426212179093,1
115,4,27,104.19426212179093,1
115,25,6,99.7174473305951,1
115,26,6,99.7174473305951,1
115,27,6,99.7174473305951,1
115,28,7,99.71746816392843,1
115,29,7,99.71746816392843,1
115,30,7,99.71746816392843,1
115,31,9,99.71746816392843,1
115,32,9,99.71746816392843,1
115,34,9,99.71746816392843,1
115,36,10,99.7174723305951,1
116,6,2,97.18466036557598,3
116,7,2,97.18463953224264,2
116,9,4,97.30047548070314,2
116,10,4,97.30047131403649,1
116,25,6,99.7174660805951,1
116,26,6,99.7174660805951,1
116,27,6,99.7174660805951,1
116,28,7,99.71748274726177,1
116,30,7,99.71748274726177,1
116,31,7,99.71748274726177,1
116,32,9,99.71748274726177,1
116,33,9,99.71748274726177,1
116,34,9,99.71748274726177,1
116,35,10,99.7174910805951,1
116,36,10,99.7174910805951,1
117,27,7,99.71748899726177,1
117,28,7,99.71748899726177,1
117,29,7,99.71748899726177,1
117,31,9,99.71748899726177,1
117,33,9,99.71748899726177,1
117,36,9,99.71748899726177,1
118,2,6,99.93312687136114,2
118,7,5,98.0677276285323,2
118,9,5,98.0677276285323,2
118,26,7,99.7174910805951,1
118,28,7,99.7174910805951,1
118,29,7,99.7174910805951,1
118,30,9,99.7174910805951,1
118,31,9,99.7174910805951,1
118,32,9,99.7174910805951,1
118,34,10,99.71750774726176,1
118,35,10,99.71750774726176,1
118,36,10,99.71750774726176,1
119,7,5,96.90966382444978,3
119,9,5,96.90966382444978,1
119,25,7,99.7175067055951,1
119,26,7,99.7175067055951,1
119,27,7,99.7175067055951,1
119,28,10,99.71751087226176,1
119,29,10,99.71751087226176,1
119,30,10,99.71751087226176,1
119,32,9,99.71751503892844,1
119,33,9,99.71751503892844,1
120,7,3,97.93542415643032,1
120,25,7,99.71753066392844,1
120,26,7,99.71753066392844,1
120,27,10,99.71753066392844,1
120,29,10,99.71753066392844,1
120,30,9,99.71753899726177,1
120,32,9,99.71753899726177,1
120,33,6,99.71754316392844,1
120,34,6,99.71754316392844,1
120,35,11,99.71755983059509,1
120,36,11,99.71755983059509,1
121,3,8,99.98184361666446,2
121,3,28,100.11118920897903,1
121,3,31,100.11118920897903,1
121,25,7,99.71756399726178,1
121,29,7,99.71756399726178,1
121,30,10,99.71756399726178,1
121,31,10,99.71756399726178,1
121,32,9,99.7175723305951,1
121,33,9,99.7175723305951,1
121,34,6,99.71757649726177,1
121,35,6,99.71757649726177,1
121,36,11,99.71759316392844,1
122,1,8,103.09219617064238,1
122,1,32,103.22151676295695,1
122,3,6,99.68327900460937,2
122,3,7,99.68326650460938,2
122,25,10,99.7175973305951,1
122,27,10,99.7175973305951,1
122,28,9,99.71760566392842,1
122,31,9,99.71760566392842,1
122,32,11,99.7176223305951,1
122,35,8,99.71762649726176,1
123,5,33,104.52397299850703,1
123,5,34,104.52397299850703,1
123,5,35,104.52397299850703,1
124,26,5,99.70932897156635,1
124,27,5,99.70932897156635,1
124,29,5,99.70932897156635,1
126,4,26,101.38087925790282,1
127,2,26,103.60538350964751,1
127,2,27,103.60538350964751,1
127,2,29,103.60538350964751,1
127,12,30,100.37739006823253,1
127,13,32,100.37739006823253,1
127,14,34,100.37739006823253,1
127,15,35,100.37739006823253,1
127,16,36,100.37739006823253,1
127,17,27,100.37946540312677,1
127,18,28,100.37946540312677,1
127,19,29,100.37946540312677,1
129,25,5,95.89481009968591,1
129,26,5,95.89481009968591,1
130,2,25,100.92456563736557,1
130,2,26,100.92456563736557,1
130,2,27,100.92456563736557,1
130,5,32,103.21561330114874,1
130,31,12,98.7324584865143,1
130,34,13,98.7324584865143,1
130,35,14,98.7324584865143,1
130,36,15,98.7324584865143,1
130,25,16,98.73169958971417,1
130,26,17,98.73169958971417,1
130,30,18,98.73169958971417,1
130,32,19,98.73169958971417,1
131,26,1,99.34401497972428,1
131,27,1,99.34401497972428,1
131,28,1,99.34401497972428,1
131,29,1,99.34401497972428,1
131,30,1,99.34401497972428,1
131,31,5,96.2030857415202,1
132,1,25,100.60937494170923,1
132,1,27,100.60937494170923,1
132,1,28,100.60937494170923,1
132,32,2,96.24057196662882,1
132,33,2,96.24057196662882,1
132,4,29,103.04331250817201,1
132,4,32,103.04331250817201,1
133,12,26,109.85516839639374,1
133,12,27,109.85516839639374,1
133,12,29,109.85516839639374,1
133,12,33,109.85516839639374,1
133,12,34,109.85516839639374,1
133,13,33,109.85519040252447,1
133,13,34,109.85519040252447,1
133,13,35,109.85519040252447,1
133,13,33,109.85527842704745,1
133,13,34,109.85527842704745,1
133,14,35,109.85527842704745,1
133,14,36,109.85527842704745,1
133,14,25,109.855749829721,1
133,14,27,109.855749829721,1
133,14,28,109.855749829721,1
133,15,30,109.855749829721,1
133,15,31,109.855749829721,1
133,15,32,109.855749829721,1
133,15,33,109.855749829721,1
133,15,34,109.855749829721,1
133,16,35,109.855749829721,1
133,16,30,109.85763544041522,1
133,16,31,109.85763544041522,1
133,16,32,109.85763544041522,1
133,16,33,109.85763544041522,1
133,17,35,109.85763544041522,1
133,17,36,109.85763544041522,1
133,17,7,109.86769781971972,2
133,17,10,109.86769781971972,1
133,18,10,109.86769781971972,1
133,18,9,109.86770615305306,2
133,18,6,109.86771031971973,1
133,18,11,109.86771865305306,1
133,19,8,109.86772281971973,1
133,19,28,110.03527867318003,3
133,19,30,110.03527867318003,1
136,25,1,95.58565750114772,1
136,28,1,95.58565750114772,1
136,29,1,95.58565750114772,1
136,30,1,95.58565750114772,1
136,33,1,95.58565750114772,1
136,2,25,104.2034402922252,1
136,2,26,104.2034402922252,1
137,34,2,98.67848528638646,1
137,35,2,98.67848528638646,1
137,36,2,98.67848528638646,1
137,34,12,89.88149171744885,1
137,36,12,89.88149171744885,1
137,33,12,89.88061351606706,1
137,34,12,89.88061351606706,1
137,35,12,89.88061351606706,1
137,36,13,89.88061351606706,1
137,30,13,89.8761427621765,1
137,31,13,89.8761427621765,1
137,32,13,89.8761427621765,1
137,33,13,89.8761427621765,1
137,34,14,89.8761427621765,1
137,36,14,89.8761427621765,1
137,7,14,89.86895072494184,3
137,7,15,89.86895072494184,1
137,10,15,89.86895072494184,4
137,6,16,89.8689423916085,4
137,9,16,89.8689423916085,1
137,9,17,89.8689423916085,3
137,11,17,89.86893405827516,2
137,11,18,89.86893405827516,2
137,8,18,89.8689298916085,3
137,8,19,89.8689298916085,1
137,36,19,89.82707489288418,1
137,28,19,89.63063674904834,1
137,29,19,89.63063674904834,2
138,27,2,96.22831772021453,1
138,28,2,96.22831772021453,1
138,29,2,96.22831772021453,1
138,30,2,96.22831772021453,1
138,35,3,95.61839607908195,1
138,36,5,95.94936293936334,1
138,29,5,95.69850727040469,1
139,12,27,109.85515751840694,1
139,12,31,109.85515751840694,1
139,12,32,109.85515751840694,1
139,12,34,109.85515751840694,1
139,12,35,109.85515751840694,1
139,13,36,109.85515751840694,1
139,13,28,109.85515771243948,1
139,13,30,109.85515771243948,1
139,13,32,109.85515771243948,1
139,13,33,109.85515771243948,1
139,14,34,109.85515771243948,1
139,14,35,109.85515771243948,1
139,14,36,109.85515771243948,1
139,14,26,109.85515908782267,1
139,14,27,109.85515908782267,1
139,15,28,109.85515908782267,1
139,15,29,109.85515908782267,1
139,15,32,109.85515908782267,1
139,15,34,109.85515908782267,1
139,15,7,109.86768250681601,1
139,16,7,109.86768250681601,1
139,16,10,109.86768250681601,2
139,16,6,109.86769084014935,2
139,17,9,109.86769084014935,2
139,17,11,109.86769917348269,2
139,17,8,109.86770334014935,1
139,18,2,110.0184169310719,3
139,18,30,110.03527486614163,2
139,19,32,110.03527486614163,3
139,19,33,110.03527486614163,2
140,25,2,98.81138340518835,1
140,26,2,98.81138340518835,1
140,27,2,98.81138340518835,1
140,28,5,95.19761216764618,1
140,29,5,95.19761216764618,1
140,30,5,95.19761216764618,1
140,31,5,95.19761216764618,1
140,34,5,95.19761216764618,1
143,25,3,98.3282386997766,1
143,28,3,98.3282386997766,1
143,29,3,98.3282386997766,1
143,30,3,98.3282386997766,1
143,32,3,98.3282386997766,1
143,36,4,94.88310945909407,1
143,35,4,94.8831094580282,1
143,36,4,94.8831094580282,1
144,7,2,99.3102299196922,3
144,10,2,99.3102299196922,2
145,25,1,96.28126088825766,1
145,27,1,96.28126088825766,1
145,28,1,96.28126088825766,1
145,29,1,96.28126088825766,1
148,27,1,97.15703631065657,1
148,30,12,93.03951116509694,1
148,31,12,93.03951116509694,1
148,32,12,93.03951116509694,1
148,34,13,93.03951116509694,1
148,35,13,93.03951116509694,1
148,25,13,93.03936429009818,1
148,27,14,93.03936429009818,1
148,28,14,93.03936429009818,1
148,29,14,93.03936429009818,1
148,31,15,93.03936429009818,1
148,32,15,93.03936429009818,1
148,33,15,93.03936429009818,1
148,34,16,93.03936429009818,1
148,35,16,93.03936429009818,1
148,36,16,93.03936429009818,1
148,26,17,93.03877679010313,1
148,27,17,93.03877679010313,1
148,28,17,93.03877679010313,1
148,29,18,93.03877679010313,1
148,30,18,93.03877679010313,1
148,31,18,93.03877679010313,1
148,32,19,93.03877679010313,1
148,33,19,93.03877679010313,1
148,34,19,93.03877679010313,1
149,25,26,99.99524994449013,1
149,25,27,99.99524994449013,1
149,26,29,99.99524994449013,1
149,26,30,99.99524994449013,1
149,27,33,99.99524994449013,1
149,27,34,99.99524994449013,1
149,28,35,99.99524994449013,1
149,28,26,99.9952499446868,1
149,29,28,99.9952499446868,1
149,30,29,99.9952499446868,1
149,30,31,99.9952499446868,1
149,31,34,99.9952499446868,1
149,31,36,99.9952499446868,1
149,34,27,99.99524994547349,1
149,34,28,99.99524994547349,1
149,35,30,99.99524994547349,1
149,35,31,99.99524994547349,1
150,1,33,102.77906829078836,1
150,1,35,102.77906829078836,1
150,1,36,102.77906829078836,1
150,1,25,102.77906829500093,1
150,12,27,105.36879472031882,1
150,12,28,105.36879472031882,1
150,13,29,105.36879472031882,1
150,13,30,105.36879472031882,1
150,14,31,105.36879472031882,1
150,14,32,105.36879472031882,1
150,15,33,105.36879472031882,1
150,15,34,105.36879472031882,1
150,16,35,105.36879472031882,1
150,16,36,105.36879472031882,1
150,17,7,105.38130942913514,2
150,18,10,105.3813135958018,2
150,19,6,105.38133026246848,2
150,27,9,100.00778549208154,2
150,28,8,100.00779382541486,1
150,28,11,100.00779382541486,1
151,26,7,100.23806391798644,1
151,27,7,100.23806391798644,1
151,28,10,100.23806808465311,1
151,30,10,100.23806808465311,1
151,31,6,100.23808475131978,1
151,32,9,100.23808475131978,1
151,33,8,100.23808891798645,1
151,34,11,100.23808891798645,1
151,35,33,100.25213095648516,1
152,25,7,100.24862253019381,1
152,26,7,100.24862253019381,1
152,27,10,100.24862669686047,1
152,29,10,100.24862669686047,1
152,30,6,100.24863919686048,1
152,31,9,100.24863919686048,1
152,32,8,100.24864336352715,1
152,33,11,100.24864336352715,1
152,34,36,100.25564771610985,1
152,35,36,100.25564771610985,1
153,7,12,96.08144483224513,2
153,7,13,96.08144483224513,2
153,10,14,96.08144066557846,2
153,10,15,96.08144066557846,2
153,6,16,96.08143233224513,2
153,6,17,96.08143233224513,2
153,9,18,96.08143233224513,2
153,9,19,96.08143233224513,2
153,25,7,100.25389975296417,1
153,26,10,100.25390391963083,1
153,27,6,100.25391225296417,1
153,31,9,100.25391225296417,1
153,32,8,100.25391641963084,1
153,33,11,100.25391641963084,1
153,34,36,100.25740401258885,1
154,7,12,90.33517394326292,3
154,10,12,90.33516977659625,2
154,10,13,90.33516977659625,1
154,6,13,90.3351614432629,4
154,9,14,90.3351614432629,4
154,8,14,90.33514060992958,1
154,8,15,90.33514060992958,3
154,11,15,90.33514060992958,2
154,11,16,90.33514060992958,2
154,30,16,90.21562401946916,2
154,31,16,90.21562401946916,1
154,31,17,90.21562401946916,1
154,32,17,90.21562401946916,2
154,33,17,90.21562401946916,2
154,34,18,90.21562401946916,2
154,35,18,90.21562401946916,2
154,36,18,90.21562401946916,1
154,36,19,90.21562401946916,1
154,25,19,90.0886868203935,1
154,27,19,90.0886868203935,1
154,29,19,90.0886868203935,1
154,30,19,90.0886868203935,1
155,25,7,100.20008875356017,1
155,26,7,100.20008875356017,1
155,27,10,100.20009292022684,1
155,28,10,100.20009292022684,1
155,29,6,100.20009708689349,1
155,31,6,100.20009708689349,1
155,32,9,100.20009708689349,1
155,33,9,100.20009708689349,1
155,35,8,100.20011792022683,1
155,36,11,100.20011792022683,1
156,1,25,102.2056810762125,1
156,1,26,102.2056810762125,1
156,1,27,102.2056810762125,1
156,1,28,102.2056810762125,1
156,12,7,110.2770200122292,2
156,12,10,110.27702417889587,2
156,12,6,110.27702834556254,1
156,13,6,110.27702834556254,1
156,13,9,110.27702834556254,2
156,13,8,110.27704501222921,1
156,13,11,110.27704501222921,1
156,14,30,110.33486235398541,1
156,14,32,110.33486235398541,1
156,14,33,110.33486235398541,1
156,14,34,110.33486235398541,1
156,14,35,110.33486235398541,1
156,15,36,110.33486235398541,1
156,15,4,110.38322025876988,3
156,15,36,110.44494188291768,1
156,16,26,110.4449421204942,1
156,16,27,110.4449421204942,1
156,16,28,110.4449421204942,1
156,16,34,110.4449421204942,1
156,16,35,110.4449421204942,1
156,17,36,110.4449421204942,1
156,17,33,110.44494307080035,1
156,17,34,110.44494307080035,1
156,17,35,110.44494307080035,1
156,17,36,110.44494307080035,1
156,18,25,110.44497938931616,1
156,18,26,110.44497938931616,1
156,18,27,110.44497938931616,1
156,18,28,110.44497938931616,1
156,18,29,110.44497938931616,1
156,19,31,110.44497938931616,1
156,19,32,110.44497938931616,1
156,19,34,110.44497938931616,1
156,19,35,110.44497938931616,1
156,19,36,110.44497938931616,1
157,26,5,99.07711010613639,1
157,7,12,92.76064240842754,3
157,10,13,92.76063824176089,3
157,10,14,92.76063824176089,1
157,6,14,92.7606340750942,2
157,6,15,92.7606340750942,2
157,9,15,92.7606340750942,1
157,9,16,92.7606340750942,3
157,8,17,92.7606215750942,3
157,8,18,92.7606215750942,1
157,11,18,92.7606215750942,2
157,11,19,92.7606215750942,2
157,27,19,92.69951160623592,1
159,5,7,103.28037701765997,2
159,5,10,103.28037701765997,2
159,5,6,103.28038118432664,1
160,3,25,103.56257216124295,1
160,3,27,103.56257216124295,1
161,25,12,90.33758521126299,1
161,27,12,90.33758521126299,1
161,30,12,90.33758521126299,1
161,32,12,90.33758521126299,1
161,33,12,90.33758521126299,1
161,34,13,90.33758521126299,1
161,25,13,90.33483190313734,1
161,26,13,90.33483190313734,1
161,27,13,90.33483190313734,1
161,28,13,90.33483190313734,1
161,29,14,90.33483190313734,1
161,30,14,90.33483190313734,1
161,31,14,90.33483190313734,1
161,32,14,90.33483190313734,1
161,34,14,90.33483190313734,1
161,35,15,90.33483190313734,1
161,9,15,90.32568290345031,3
161,6,15,90.32567873678364,1
161,6,16,90.32567873678364,2
161,7,16,90.32567873678364,3
161,10,17,90.32567873678364,3
161,8,17,90.32567040345032,2
161,8,18,90.32567040345032,2
161,11,18,90.32567040345032,3
161,11,19,90.32567040345032,1
161,28,19,90.30443729684936,1
161,29,19,90.30443729684936,1
161,30,19,90.30443729684936,1
161,32,19,90.30443729684936,1
164,25,2,98.1791435631371,1
164,26,2,98.1791435631371,1
164,28,4,98.38742187780376,1
164,29,4,98.38742187780376,1
164,30,4,98.38742187780376,1
165,25,3,100.07698662917949,1
166,25,2,96.89101398685031,1
166,26,2,96.89101398685031,1
166,27,2,96.89101398685031,1
167,4,26,100.52422465759172,1
167,4,28,100.52422465759172,1
167,4,30,100.52422465759172,1
167,4,31,100.52422465759172,1
167,4,33,100.52422465759172,1
167,28,5,98.7415409757214,1
168,1,25,102.9224479609898,1
168,1,26,102.9224479609898,1
168,29,4,99.39776406538313,1
168,30,4,99.39776406538313,1
168,32,4,99.39776406538313,1
170,33,1,97.55512831684287,1
170,34,1,97.55512831684287,1
170,36,1,97.55512831684287,1
170,27,1,97.55511602366268,1
170,28,4,96.95095353702504,1
170,30,4,96.95095353702504,1
170,31,4,96.95095353702504,1
170,32,12,90.72334188843946,1
170,34,12,90.72334188843946,1
170,35,12,90.72334188843946,1
170,36,12,90.72334188843946,1
170,31,13,90.72329271571871,1
170,32,13,90.72329271571871,1
170,33,13,90.72329271571871,1
170,35,13,90.72329271571871,1
170,9,14,90.71083753971007,3
170,6,14,90.71083337304341,1
170,6,15,90.71083337304341,2
170,7,15,90.71083337304341,2
170,7,16,90.71083337304341,1
170,10,16,90.71083337304341,3
170,8,17,90.71082920637674,3
170,11,17,90.71082920637674,1
170,11,18,90.71082920637674,2
170,34,18,90.68945647427367,1
170,36,18,90.68945647427367,1
170,31,19,90.46948590604926,1
170,32,19,90.46948590604926,1
170,33,19,90.46948590604926,1
170,34,19,90.46948590604926,1
171,25,9,100.19814002844028,1
171,26,9,100.19814002844028,1
171,27,6,100.19814419510695,1
171,29,6,100.19814419510695,1
171,30,7,100.19814419510695,1
171,31,7,100.19814419510695,1
171,32,10,100.19814419510695,1
171,33,10,100.19814419510695,1
171,36,8,100.1981483617736,1
172,25,9,100.1981546117736,1
172,26,9,100.1981546117736,1
172,27,11,100.1981546117736,1
172,31,11,100.1981546117736,1
172,32,6,100.19815877844027,1
172,33,6,100.19815877844027,1
172,34,7,100.19815877844027,1
172,35,7,100.19815877844027,1
172,36,8,100.19815877844027,1
173,2,8,100.56434439746124,1
173,2,10,100.56434439746124,2
173,2,25,100.6787577086715,1
173,9,3,98.8614114886017,3
173,25,9,100.19815357010694,1
173,26,9,100.19815357010694,1
173,27,11,100.19816607010694,1
173,33,11,100.19816607010694,1
173,34,6,100.19817023677359,1
174,25,9,100.19817440344028,1
174,28,9,100.19817440344028,1
174,29,7,100.1981827367736,1
174,30,7,100.1981827367736,1
174,31,8,100.1981827367736,1
174,33,8,100.1981827367736,1
174,34,10,100.1981827367736,1
174,35,10,100.1981827367736,1
174,36,6,100.19818690344027,1
175,9,12,90.86210811296256,3
175,11,12,90.86210394629589,1
175,11,13,90.86210394629589,2
175,6,13,90.86209977962923,2
175,6,14,90.86209977962923,1
175,7,14,90.86209977962923,3
175,8,15,90.86209977962923,3
175,10,15,90.86209977962923,1
175,10,16,90.86209977962923,2
175,35,16,90.74767813508564,1
175,36,16,90.74767813508564,1
175,35,17,90.74690704134214,1
175,36,17,90.74690704134214,1
175,31,17,90.74455704136197,1
175,33,17,90.74455704136197,1
175,34,18,90.74455704136197,1
175,35,18,90.74455704136197,1
175,36,18,90.74455704136197,1
175,4,18,90.67293961143565,1
175,4,19,90.67293961143565,1
175,29,19,90.49683467929059,2
175,30,19,90.49683467929059,1
175,25,9,100.19819211177361,1
175,26,9,100.19819211177361,1
175,27,11,100.19819627844026,1
175,28,11,100.19819627844026,1
175,31,6,100.19820044510693,1
175,35,6,100.19820044510693,1
175,36,7,100.19820044510693,1
176,8,12,90.27462702437245,3
176,9,12,90.27462702437245,1
176,9,13,90.27462702437245,2
176,10,13,90.27462702437245,2
176,10,14,90.27462702437245,1
176,7,14,90.2746228577058,3
176,11,15,90.2746228577058,3
176,6,15,90.27461869103911,1
176,6,16,90.27461869103911,2
176,30,16,90.09198197420312,2
176,30,17,90.09198197420312,2
176,32,17,90.09198197420312,2
176,32,18,90.09198197420312,3
176,33,18,90.09198197420312,1
176,33,19,90.09198197420312,4
176,25,8,99.92423911985296,2
176,25,9,99.92423911985296,1
176,26,9,99.92423911985296,1
176,26,10,99.92423911985296,2
176,27,7,99.92424328651963,2
176,27,11,99.92424328651963,1
176,28,11,99.92424328651963,1
176,28,6,99.9242474531863,2
176,29,2,100.06248326360283,3
176,30,2,100.06248326360283,2
177,30,2,99.1655928908628,1
177,32,5,97.99113350063443,3
177,29,8,100.27247404302321,1
177,31,8,100.27247404302321,1
177,33,9,100.27247404302321,1
177,34,9,100.27247404302321,1
177,35,10,100.27247404302321,1
177,36,10,100.27247404302321,1
178,8,2,98.34268156670277,2
178,25,8,100.2724771680232,1
178,26,8,100.2724771680232,1
178,28,7,100.27248133468987,1
178,30,7,100.27248133468987,1
178,33,11,100.27248133468987,1
178,34,11,100.27248133468987,1
178,35,6,100.27248550135653,1
178,36,6,100.27248550135653,1
179,8,12,97.49137723356051,1
179,8,13,97.49137723356051,1
179,8,14,97.49137723356051,1
179,9,15,97.49137723356051,1
179,9,16,97.49137723356051,1
179,9,17,97.49137723356051,1
179,10,18,97.49137723356051,1
179,10,19,97.49137723356051,1
179,25,8,100.27249175135651,1
179,26,8,100.27249175135651,1
179,28,9,100.27249175135651,1
179,30,9,100.27249175135651,1
179,31,10,100.27249175135651,1
179,33,10,100.27249175135651,1
179,34,7,100.2724959180232,1
179,36,7,100.2724959180232,1
180,25,8,100.27249070968986,1
180,26,8,100.27249070968986,1
180,27,9,100.27249070968986,1
180,28,9,100.27249070968986,1
180,29,10,100.27249487635652,1
180,30,10,100.27249487635652,1
180,31,11,100.2724990430232,1
180,33,11,100.2724990430232,1
180,35,6,100.27250320968986,1
181,8,4,99.19398601101261,2
181,12,8,109.74398510410916,2
181,12,9,109.7439934374425,2
181,13,10,109.74399760410915,2
181,13,6,109.74400177077582,2
181,14,7,109.74400177077582,2
181,14,11,109.74400177077582,2
181,15,26,109.80883615559748,1
181,15,29,109.80883615559748,1
181,15,30,109.80883615559748,1
181,15,31,109.80883615559748,1
181,16,33,109.80883615559748,1
181,16,34,109.80883615559748,1
181,16,35,109.80883615559748,1
181,16,36,109.80883615559748,1
181,17,25,109.80883619159485,1
181,17,26,109.80883619159485,1
181,17,27,109.80883619159485,1
181,17,28,109.80883619159485,1
181,18,29,109.80883619159485,1
181,18,30,109.80883619159485,1
181,18,31,109.80883619159485,1
181,18,33,109.80883619159485,1
181,19,34,109.80883619159485,1
181,19,35,109.80883619159485,1
181,19,25,109.80883633558443,1
181,19,26,109.80883633558443,1
183,12,27,102.32020668646516,1
183,13,28,102.32020668646516,1
183,14,29,102.32020668646516,1
183,15,30,102.32020668646516,1
183,16,32,102.32020668646516,1
183,17,33,102.32020668646516,1
183,18,34,102.32020668646516,1
183,19,36,102.32020668646516,1
184,25,2,97.9151933056266,1
187,12,27,107.32071415649204,1
187,12,29,107.32071415649204,1
187,12,30,107.32071415649204,1
187,13,31,107.32071415649204,1
187,13,33,107.32071415649204,1
187,13,34,107.32071415649204,1
187,14,36,107.32071415649204,1
187,14,34,107.32071646032509,1
187,14,35,107.32071646032509,1
187,15,36,107.32071646032509,1
187,15,26,107.32072567565729,1
187,15,27,107.32072567565729,1
187,16,29,107.32072567565729,1
187,16,30,107.32072567565729,1
187,16,32,107.32072567565729,1
187,17,36,107.32072567565729,1
187,17,25,107.32082400288695,1
187,17,26,107.32082400288695,1
187,18,29,107.32082400288695,1
187,18,30,107.32082400288695,1
187,18,31,107.32082400288695,1
187,19,32,107.32082400288695,1
187,19,33,107.32082400288695,1
187,19,35,107.32082400288695,1
188,25,2,97.57166213798777,1
188,27,2,97.57166213798777,1
188,29,2,97.57166213798777,1
188,34,2,97.57166213798777,1
188,35,4,98.53395250141082,1
188,36,4,98.53395250141082,1
188,25,4,98.53390420209809,1
188,26,4,98.53390420209809,1
188,28,4,98.53390420209809,1
188,29,12,94.63426137460928,1
188,31,12,94.63426137460928,1
188,32,13,94.63426137460928,1
188,34,13,94.63426137460928,1
188,36,14,94.63426137460928,1
188,25,14,94.63406817735826,1
188,27,15,94.63406817735826,1
188,28,15,94.63406817735826,1
188,29,16,94.63406817735826,1
188,30,16,94.63406817735826,1
188,34,17,94.63406817735826,1
188,35,17,94.63406817735826,1
188,36,18,94.63406817735826,1
188,25,18,94.6332953883542,1
188,28,19,94.6332953883542,1
188,29,19,94.6332953883542,1
189,30,5,99.7970541625683,1
189,31,5,99.7970541625683,1
189,35,5,99.7970541625683,1
191,4,25,102.52617831147424,1
191,4,26,102.52617831147424,1
191,4,27,102.52617831147424,1
192,25,5,99.18367535489776,1
192,27,5,99.18367535489776,1
192,28,5,99.18367535489776,1
192,29,5,99.18367535489776,1
195,25,4,98.36640107622605,1
195,26,4,98.36640107622605,1
195,28,4,98.36640107622605,1
195,29,4,98.36640107622605,1
196,1,27,101.64006026377395,1
196,1,28,101.64006026377395,1
196,2,29,102.14113657808875,1
196,25,12,96.56374077238891,1
196,26,13,96.56374077238891,1
196,27,14,96.56374077238891,1
196,28,15,96.56374077238891,1
196,29,16,96.56374077238891,1
196,30,17,96.56374077238891,1
196,32,18,96.56374077238891,1
196,33,19,96.56374077238891,1
198,2,25,101.92323608035954,1
198,2,26,101.92323608035954,1
198,2,27,101.92323608035954,1
199,25,26,100.1014821493507,1
199,28,26,100.1014821493507,1
199,30,26,100.1014821493507,1
199,31,26,100.1014821493507,1
199,32,26,100.1014821493507,1
199,33,27,100.1014821493507,1
199,34,27,100.1014821493507,1
199,35,27,100.1014821493507,1
199,36,27,100.1014821493507,1
199,34,27,100.10148206497036,1
199,35,28,100.10148206497036,1
199,36,28,100.10148206497036,1
199,30,28,100.10148105496803,1
199,32,28,100.10148105496803,1
199,33,28,100.10148105496803,1
199,34,31,100.10148105496803,1
199,36,31,100.10148105496803,1
199,30,31,100.10147385301735,1
199,33,31,100.10147385301735,1
199,34,31,100.10147385301735,1
199,35,32,100.10147385301735,1
199,26,32,100.10142519549836,1
199,29,32,100.10142519549836,1
199,31,32,100.10142519549836,1
199,34,32,100.10142519549836,1
199,25,33,100.10123056542241,1
199,26,33,100.10123056542241,1
199,27,33,100.10123056542241,1
199,28,33,100.10123056542241,1
199,29,33,100.10123056542241,1
199,30,35,100.10123056542241,1
199,32,35,100.10123056542241,1
199,33,35,100.10123056542241,1
199,34,35,100.10123056542241,1
199,36,35,100.10123056542241,1
200,3,28,104.57683177845334,1
200,3,29,104.57683177845334,1
200,3,30,104.57683177845334,1
200,5,33,101.41952669891904,1
200,5,34,101.41952669891904,1
200,5,35,101.41952669891904,1
200,36,25,100.10019451906058,1
200,27,25,100.09710336304434,1
200,30,25,100.09710336304434,1
200,31,25,100.09710336304434,1
200,33,25,100.09710336304434,1
200,25,26,100.09155321227996,1
200,27,26,100.09155321227996,1
200,28,26,100.09155321227996,1
200,31,26,100.09155321227996,1
200,32,26,100.09155321227996,1
200,33,27,100.09155321227996,1
200,34,27,100.09155321227996,1
200,35,27,100.09155321227996,1
200,36,27,100.09155321227996,1
200,8,27,100.088180421322,1
200,8,28,100.088180421322,2
200,9,28,100.08817208798865,3
200,10,29,100.088167921322,4
200,6,29,100.08816375465533,1
200,6,33,100.08816375465533,3
200,7,33,100.08816375465533,2
200,7,34,100.08816375465533,2
200,11,34,100.08816375465533,3
201,11,2,97.90391459901332,1
201,25,2,97.87828955623814,1
201,26,2,97.87828955623814,1
201,27,2,97.87828955623814,1
201,8,25,100.07916984801804,3
201,9,25,100.07916151468471,2
201,9,26,100.07916151468471,1
201,10,26,100.07916151468471,3
201,6,26,100.07915734801804,1
201,6,27,100.07915734801804,2
201,7,27,100.07915734801804,3
201,11,28,100.07915734801804,3
201,31,28,100.05953102077883,1
201,32,28,100.05953102077883,1
201,33,29,100.05953102077883,1
201,36,29,100.05953102077883,1
201,33,29,99.94344403249987,3
201,34,30,99.94344403249987,3
201,36,30,99.94344403249987,2
201,36,31,99.94344403249987,1
201,2,31,99.83657377512296,2
202,8,12,89.75096279668595,3
202,9,12,89.75095446335263,2
202,9,13,89.75095446335263,1
202,10,13,89.75095446335263,3
202,6,13,89.75095029668594,1
202,6,14,89.75095029668594,2
202,7,14,89.75095029668594,3
202,11,15,89.75095029668594,3
202,2,15,89.7218612940655,1
202,5,15,89.64161072325695,1
202,5,16,89.64161072325695,1
202,35,16,89.57818100315684,4
202,35,17,89.57818100315684,1
202,3,17,89.41547781526796,2
202,1,17,89.07925295283025,2
202,1,18,89.05382443631143,5
202,3,19,88.98046771299445,3
202,3,19,88.92000954018546,2
203,12,9,105.3800715289458,3
203,13,10,105.3800715289458,3
203,14,6,105.38007569561248,2
203,14,7,105.38007569561248,1
203,15,7,105.38007569561248,1
203,15,11,105.38007569561248,2
203,16,8,105.38007986227913,3
203,17,25,105.7318792425326,2
203,17,26,105.7318792425326,1
203,18,26,105.7318792425326,1
203,18,29,105.7318792425326,2
203,19,30,105.7318792425326,2
203,19,32,105.7318792425326,1
204,1,32,103.44744090991779,1
204,1,33,103.44744090991779,2
205,25,2,98.83514708061551,1
205,26,2,98.83514708061551,1
205,3,8,99.4359459015966,2
205,3,6,99.43595423492994,2
207,3,25,99.9237245336908,1
207,3,26,99.9237245336908,1
207,3,27,99.9237245336908,1
207,4,29,99.65554197857854,1
207,4,34,99.65554197857854,1
209,1,25,101.87024969780545,1
209,1,27,101.87024969780545,1
209,1,28,101.87024969780545,1
210,25,3,97.498377383041,1
210,27,3,97.498377383041,1
211,29,3,96.12579786081295,1
211,30,3,96.12579786081295,1
211,31,3,96.12579786081295,1
211,32,3,96.12579786081295,1
211,33,3,96.12579786081295,1
212,26,4,96.1957298604807,1
212,27,4,96.1957298604807,1
212,29,4,96.1957298604807,1
213,1,25,100.79503097815605,1
213,1,26,100.79503097815605,1
213,1,30,100.79503097815605,1
214,30,4,96.80608503761593,1
214,31,4,96.80608503761593,1
214,32,4,96.80608503761593,1
215,27,2,95.06632430043086,1
215,29,2,95.06632430043086,1
215,30,2,95.06632430043086,1
215,33,2,95.06632430043086,1
215,36,5,97.76448185910765,1
216,34,3,96.55499719124177,1
216,36,3,96.55499719124177,1
216,34,3,96.55498373891808,1
216,35,3,96.55498373891808,1
216,36,4,94.6054381645155,1
216,25,4,94.60515223735192,1
216,26,4,94.60515223735192,1
218,1,25,103.87453748938867,1
218,1,26,103.87453748938867,1
219,12,26,109.20559926955826,1
219,12,27,109.20559926955826,1
219,12,28,109.20559926955826,1
219,12,29,109.20559926955826,1
219,12,30,109.20559926955826,1
219,13,31,109.20559926955826,1
219,13,32,109.20559926955826,1
219,13,33,109.20559926955826,1
219,13,34,109.20559926955826,1
219,13,35,109.20559926955826,1
219,14,36,109.20559926955826,1
219,14,27,109.20559932482503,1
219,14,28,109.20559932482503,1
219,14,30,109.20559932482503,1
219,14,31,109.20559932482503,1
219,15,32,109.20559932482503,1
219,15,33,109.20559932482503,1
219,15,34,109.20559932482503,1
219,15,36,109.20559932482503,1
219,15,25,109.20559964320032,1
219,16,26,109.20559964320032,1
219,16,27,109.20559964320032,1
219,16,28,109.20559964320032,1
219,16,29,109.20559964320032,1
219,16,30,109.20559964320032,1
219,17,31,109.20559964320032,1
219,17,32,109.20559964320032,1
219,17,35,109.20559964320032,1
219,17,36,109.20559964320032,1
219,17,31,109.20560170390344,1
219,18,32,109.20560170390344,1
219,18,34,109.20560170390344,1
219,18,35,109.20560170390344,1
219,18,36,109.20560170390344,1
219,18,25,109.20560994671597,1
219,19,26,109.20560994671597,1
219,19,28,109.20560994671597,1
219,19,29,109.20560994671597,1
219,19,32,109.20560994671597,1
219,19,33,109.20560994671597,1
220,3,34,101.66193835458944,1
220,3,35,101.66193835458944,1
220,3,25,101.6619847781632,1
220,3,26,101.6619847781632,1
221,26,1,96.68689116555036,1
221,27,1,96.68689116555036,1
222,12,25,108.57018821643982,1
222,12,27,108.57018821643982,1
222,12,29,108.57018821643982,1
222,12,30,108.57018821643982,1
222,13,31,108.57018821643982,1
222,13,32,108.57018821643982,1
222,13,34,108.57018821643982,1
222,13,35,108.57018821643982,1
222,14,36,108.57018821643982,1
222,14,26,108.5701902199605,1
222,14,27,108.5701902199605,1
222,14,30,108.5701902199605,1
222,15,31,108.5701902199605,1
222,15,32,108.5701902199605,1
222,15,33,108.5701902199605,1
222,15,27,108.57024465761702,1
222,16,28,108.57024465761702,1
222,16,29,108.57024465761702,1
222,16,31,108.57024465761702,1
222,16,32,108.57024465761702,1
222,17,35,108.57024465761702,1
222,17,36,108.57024465761702,1
222,17,30,108.57043035191211,1
222,17,32,108.57043035191211,1
222,18,33,108.57043035191211,1
222,18,35,108.57043035191211,1
222,18,36,108.57043035191211,1
222,18,35,108.57145905625603,1
222,19,36,108.57145905625603,1
222,19,7,108.58270037975434,2
222,19,8,108.58270037975434,1
223,28,12,99.16803723560226,1
223,30,13,99.16803723560226,1
223,31,14,99.16803723560226,1
223,33,15,99.16803723560226,1
223,34,16,99.16803723560226,1
223,36,17,99.16803723560226,1
223,25,18,99.16803720519343,1
223,26,19,99.16803720519343,1
225,5,26,99.62309718466084,1
227,25,1,96.6697988319657,1
227,26,1,96.6697988319657,1
227,27,1,96.6697988319657,1
227,28,1,96.6697988319657,1
228,12,27,105.08327958065938,1
228,12,28,105.08327958065938,1
228,13,29,105.08327958065938,1
228,13,30,105.08327958065938,1
228,14,31,105.08327958065938,1
228,14,32,105.08327958065938,1
228,15,33,105.08327958065938,1
228,15,35,105.08327958065938,1
228,16,36,105.08327958065938,1
228,16,25,105.0832796195666,1
228,17,26,105.0832796195666,1
228,17,28,105.0832796195666,1
228,18,29,105.0832796195666,1
228,18,30,105.0832796195666,1
228,19,31,105.0832796195666,1
228,19,33,105.0832796195666,1
229,25,5,98.04272402532375,1
229,29,5,98.04272402532375,1
230,3,25,102.9315344858187,1
230,3,26,102.9315344858187,1
230,3,29,102.9315344858187,1
230,3,32,102.9315344858187,1
231,30,12,89.35003577855375,1
231,31,12,89.35003577855375,1
231,32,12,89.35003577855375,1
231,33,12,89.35003577855375,1
231,34,12,89.35003577855375,1
231,35,13,89.35003577855375,1
231,36,13,89.35003577855375,1
231,25,13,89.35003577809991,1
231,28,13,89.35003577809991,1
231,29,13,89.35003577809991,1
231,31,14,89.35003577809991,1
231,34,14,89.35003577809991,1
231,29,14,89.35003577628456,1
231,31,14,89.35003577628456,1
231,32,14,89.35003577628456,1
231,33,15,89.35003577628456,1
231,34,15,89.35003577628456,1
231,35,15,89.35003577628456,1
231,36,15,89.35003577628456,1
231,25,15,89.35003576902318,1
231,27,16,89.35003576902318,1
231,28,16,89.35003576902318,1
231,29,16,89.35003576902318,1
231,31,16,89.35003576902318,1
231,32,16,89.35003576902318,1
231,33,17,89.35003576902318,1
231,34,17,89.35003576902318,1
231,35,17,89.35003576902318,1
231,27,17,89.35003573997767,1
231,28,17,89.35003573997767,1
231,29,18,89.35003573997767,1
231,30,18,89.35003573997767,1
231,31,18,89.35003573997767,1
231,33,18,89.35003573997767,1
231,34,18,89.35003573997767,1
231,35,19,89.35003573997767,1
231,25,19,89.35003556307561,1
231,27,19,89.35003556307561,1
231,29,19,89.35003556307561,1
231,30,19,89.35003556307561,1
232,12,26,105.23017205680003,1
232,12,27,105.23017205680003,1
232,13,31,105.23017205680003,1
232,13,32,105.23017205680003,1
232,14,33,105.23017205680003,1
232,14,34,105.23017205680003,1
232,15,35,105.23017205680003,1
232,15,36,105.23017205680003,1
232,16,25,105.230172058629,1
232,16,26,105.230172058629,1
232,17,27,105.230172058629,1
232,17,29,105.230172058629,1
232,18,30,105.230172058629,1
232,18,32,105.230172058629,1
232,19,33,105.230172058629,1
232,19,34,105.230172058629,1
235,4,35,101.81057801828226,1
235,4,36,101.81057801828226,1
235,12,33,109.20559929353024,1
235,12,35,109.20559929353024,1
235,12,36,109.20559929353024,1
235,12,34,109.20559932279343,1
235,12,35,109.20559932279343,1
235,13,36,109.20559932279343,1
235,13,26,109.20559944801349,1
235,13,29,109.20559944801349,1
235,13,30,109.20559944801349,1
235,13,34,109.20559944801349,1
235,14,9,109.21811178371092,2
235,14,10,109.21811178371092,2
235,14,11,109.21811178371092,1
235,15,11,109.21811178371092,1
235,15,8,109.21811595037761,2
235,15,6,109.21812011704426,2
235,16,7,109.21812011704426,2
235,16,34,109.32044127981234,2
235,16,36,109.32044127981234,1
235,17,36,109.32044127981234,1
235,17,31,109.47688894509301,2
235,17,32,109.47688894509301,2
235,18,32,109.47688894509301,3
235,18,34,109.47688894509301,2
235,19,34,109.47688894509301,3
235,19,35,109.47688894509301,2
236,9,25,99.4687639434439,1
236,9,27,99.4687639434439,1
236,9,28,99.4687639434439,1
236,10,29,99.4687639434439,1
236,10,31,99.4687639434439,1
236,10,33,99.4687639434439,1
236,11,34,99.4687639434439,1
236,11,35,99.4687639434439,1
237,12,9,100.67616374038019,1
237,13,9,100.67616374038019,1
237,14,10,100.67616374038019,1
237,15,10,100.67616374038019,1
237,16,11,100.67616790704686,1
237,17,11,100.67616790704686,1
237,18,8,100.67618040704686,1
237,19,8,100.67618040704686,1
237,9,25,99.4687764434439,1
237,9,27,99.4687764434439,1
237,9,28,99.4687764434439,1
237,10,29,99.4687764434439,1
237,10,31,99.4687764434439,1
237,10,33,99.4687764434439,1
237,11,34,99.46877227677723,1
237,11,35,99.46877227677723,1
238,12,9,100.90540900775967,1
238,13,9,100.90540900775967,1
238,14,10,100.90540900775967,1
238,15,10,100.90540900775967,1
238,16,11,100.905417341093,1
238,17,11,100.905417341093,1
238,18,6,100.90543400775968,1
238,19,6,100.90543400775968,1
238,9,25,99.46879311011057,1
238,9,26,99.46879311011057,1
238,9,27,99.46879311011057,1
238,10,28,99.46879311011057,1
238,10,29,99.46879311011057,1
238,10,30,99.46879311011057,1
238,11,31,99.46878477677723,1
238,11,34,99.46878477677723,1
238,11,35,99.46878477677723,1
238,6,36,99.46876811011057,1
239,6,1,97.49257958167524,2
239,7,1,97.49257958167524,1
239,7,2,96.94928723117502,2
239,8,2,96.94928306450835,1
239,3,7,102.67057536866858,2
239,9,25,99.46879727677722,1
239,9,26,99.46879727677722,1
239,9,27,99.46879727677722,1
239,10,29,99.46879727677722,1
239,10,30,99.46879727677722,1
239,10,32,99.46879727677722,1
239,11,34,99.4687889434439,1
239,11,35,99.4687889434439,1
239,11,36,99.4687889434439,1
240,2,9,103.97246690152892,3
240,5,10,104.14703334662062,3
240,5,11,104.14704167995394,1
240,9,25,99.46877852677724,1
240,9,26,99.46877852677724,1
240,9,27,99.46877852677724,1
240,10,28,99.46877852677724,1
240,10,29,99.46877852677724,1
240,10,32,99.46877852677724,1
240,11,33,99.46877852677724,1
240,11,35,99.46877852677724,1
241,1,9,99.62304060568385,3
241,11,4,98.29611015739354,1
241,6,4,98.29608515739355,3
241,9,25,99.46877852677724,1
241,9,26,99.46877852677724,1
241,9,27,99.46877852677724,1
241,6,28,99.46876602677725,1
241,6,30,99.46876602677725,1
241,6,32,99.46876602677725,1
241,10,33,99.46876602677725,1
241,10,34,99.46876602677725,1
241,11,35,99.46876602677725,1
241,11,36,99.46876602677725,1
242,6,25,99.46875977677723,1
242,6,28,99.46875977677723,1
242,6,29,99.46875977677723,1
242,9,30,99.46874727677724,1
242,9,32,99.46874727677724,1
242,10,34,99.46873894344391,1
242,10,36,99.46873894344391,1
243,11,3,96.40960284188753,2
243,7,3,96.40959867522088,1
243,4,6,99.97688260900486,1
243,6,25,99.46873581844392,1
243,6,26,99.46873581844392,1
243,7,27,99.46872331844392,1
243,7,28,99.46872331844392,1
243,7,29,99.46872331844392,1
243,9,31,99.46872331844392,1
243,9,32,99.46872331844392,1
243,8,33,99.46871498511058,1
243,8,34,99.46871498511058,1
243,8,35,99.46871498511058,1
243,10,36,99.46871498511058,1
244,10,4,95.57187051962293,1
244,11,4,95.57187051962293,2
244,5,6,99.58941473267879,3
244,5,7,99.58942723267879,1
244,6,25,99.46872436011058,1
244,6,26,99.46872436011058,1
244,7,27,99.46871602677726,1
244,7,28,99.46871602677726,1
244,7,29,99.46871602677726,1
244,8,30,99.46871186011057,1
244,8,31,99.46871186011057,1
244,8,32,99.46871186011057,1
244,9,34,99.46869936011058,1
245,9,4,94.77841782074222,1
245,10,4,94.77840948740888,2
245,11,4,94.77840948740888,2
245,7,25,99.46870977677725,1
245,7,26,99.46870977677725,1
245,7,27,99.46870977677725,1
245,8,28,99.46870561011059,1
245,8,29,99.46870561011059,1
245,8,30,99.46870561011059,1
245,6,31,99.46869727677725,1
245,6,32,99.46869727677725,1
245,9,33,99.46867227677726,1
245,9,34,99.46867227677726,1
245,10,35,99.46866394344391,1
246,1,7,103.68842391363023,3
246,1,8,103.68842808029689,1
246,2,8,104.39458193755763,1
246,2,6,104.39459027089097,1
246,5,6,102.01815863137563,2
246,7,26,99.46867540177726,1
246,7,27,99.46867540177726,1
246,7,28,99.46867540177726,1
246,8,31,99.46867540177726,1
246,8,32,99.46867540177726,1
246,8,33,99.46867540177726,1
246,6,34,99.46866706844392,1
246,6,35,99.46866706844392,1
246,9,36,99.46862956844393,1
247,7,25,99.46862852677725,1
247,7,26,99.46862852677725,1
247,8,27,99.46862852677725,1
247,8,28,99.46862852677725,1
247,6,29,99.4686243601106,1
247,6,30,99.4686243601106,1
247,11,31,99.46859519344392,1
247,9,32,99.46859102677726,1
247,10,33,99.46859102677726,1
248,25,1,96.42231392400168,1
248,26,1,96.42231392400168,1
248,5,34,99.83635469125676,1
248,5,35,99.83635469125676,1
248,7,25,99.31612757146704,1
248,7,27,99.31612757146704,1
248,8,28,99.31612757146704,1
248,8,30,99.31612757146704,1
248,6,31,99.31612340480038,1
248,6,32,99.31612340480038,1
248,11,33,99.31609840480037,1
248,9,34,99.3160942381337,1
248,10,35,99.3160942381337,1
249,25,36,99.43655012440914,1
249,25,7,99.44060747872578,1
249,27,7,99.44060747872578,2
249,28,8,99.44060747872578,2
249,29,8,99.44060747872578,1
249,29,6,99.44061164539244,1
249,31,6,99.44061164539244,2
249,32,11,99.44063247872577,2
249,33,11,99.44063247872577,2
249,34,9,99.44063664539243,2
249,35,9,99.44063664539243,2
250,12,7,109.24124911074793,3
250,12,8,109.24124911074793,2
250,13,8,109.24124911074793,1
250,13,6,109.24125327741459,3
250,13,11,109.24126994408125,1
250,14,11,109.24126994408125,2
250,14,9,109.24127411074792,3
250,15,9,109.24127411074792,1
250,15,10,109.24129077741458,4
250,16,36,109.28599186993192,1
250,16,1,109.48692515994142,2
250,16,35,109.48950703256773,2
250,17,35,109.48950703256773,1
250,17,36,109.76732714497268,1
250,17,27,109.76732727946887,1
250,17,30,109.76732727946887,1
250,17,32,109.76732727946887,1
250,18,33,109.76732727946887,1
250,18,30,109.76732781745363,1
250,18,31,109.76732781745363,1
250,18,33,109.76732781745363,1
250,18,34,109.76732781745363,1
250,19,35,109.76732781745363,1
250,19,25,109.76733097939501,1
250,19,27,109.76733097939501,1
250,19,28,109.76733097939501,1
250,19,29,109.76733097939501,1
251,7,25,99.92180958238455,1
251,7,26,99.92180958238455,1
251,8,27,99.92180958238455,1
251,8,28,99.92180958238455,1
251,6,29,99.9218054157179,1
251,6,31,99.9218054157179,1
251,9,32,99.92178874905123,1
251,9,34,99.92178874905123,1
251,11,35,99.92178874905123,1
251,11,36,99.92178874905123,1
252,7,26,99.92177312405123,1
252,7,27,99.92177312405123,1
252,8,29,99.92177312405123,1
252,8,30,99.92177312405123,1
252,6,31,99.92176895738456,1
252,6,33,99.92176895738456,1
252,9,34,99.9217522907179,1
252,9,35,99.9217522907179,1
253,11,1,99.0033018301339,2
253,10,1,99.00329349680058,1
253,10,2,97.57548737878412,1
253,7,25,99.9217491657179,1
253,7,26,99.9217491657179,1
253,8,27,99.9217491657179,1
253,8,28,99.9217491657179,1
253,6,29,99.92174499905123,1
253,6,30,99.92174499905123,1
253,9,32,99.92172833238456,1
253,9,33,99.92172833238456,1
253,11,34,99.92172833238456,1
253,11,35,99.92172833238456,1
254,7,12,93.35464596128458,2
254,8,12,93.35464596128458,1
254,8,13,93.35464596128458,1
254,6,13,93.35464179461792,2
254,9,14,93.35462512795124,1
254,10,14,93.35462512795124,1
254,11,14,93.35462512795124,1
254,25,15,93.1640673734739,2
254,26,15,93.1640673734739,1
254,26,16,93.1640673734739,1
254,28,16,93.1640673734739,2
254,29,17,93.1640673734739,2
254,30,17,93.1640673734739,1
254,30,18,93.1640673734739,1
254,31,18,93.1640673734739,2
254,32,19,93.1640673734739,2
254,33,19,93.1640673734739,1
255,3,26,102.90430999526994,1
255,3,27,102.90430999526994,1
255,3,28,102.90430999526994,1
255,3,29,102.90430999526994,1
255,3,30,102.90430999526994,1
255,7,12,96.67736056057893,1
255,7,13,96.67736056057893,1
255,8,14,96.67736056057893,1
255,8,15,96.67736056057893,1
255,6,16,96.67735639391228,1
255,6,17,96.67735639391228,1
255,9,18,96.67734389391228,1
255,10,19,96.67734389391228,1
255,25,7,99.76790022264888,1
255,26,7,99.76790022264888,1
255,28,7,99.76790022264888,1
255,29,8,99.76790022264888,1
255,30,8,99.76790022264888,1
255,31,8,99.76790022264888,1
255,32,6,99.76790438931555,1
255,33,6,99.76790438931555,1
255,34,6,99.76790438931555,1
255,35,6,99.76790438931555,1
255,36,9,99.76791688931556,1
256,12,6,109.7167877398646,3
256,12,7,109.7167877398646,2
256,13,7,109.7167877398646,1
256,13,8,109.7167877398646,3
256,13,9,109.71680857319794,1
256,14,9,109.71680857319794,3
256,14,11,109.71680857319794,2
256,15,11,109.71680857319794,2
256,15,10,109.71681273986461,3
256,16,10,109.71681273986461,1
256,16,31,109.78810522674038,1
256,16,32,109.78810522674038,1
256,16,33,109.78810522674038,1
256,16,34,109.78810522674038,1
256,17,35,109.78810522674038,1
256,17,36,109.78810522674038,1
256,17,30,110.02670659527685,1
256,17,31,110.02670659527685,1
256,17,32,110.02670659527685,1
256,18,33,110.02670659527685,1
256,18,34,110.02670659527685,1
256,18,35,110.02670659527685,1
256,18,36,110.02670659527685,1
256,18,31,110.0267264449931,1
256,19,32,110.0267264449931,1
256,19,33,110.0267264449931,1
256,19,34,110.0267264449931,1
256,19,35,110.0267264449931,1
256,19,36,110.0267264449931,1
257,6,26,100.0029278738651,1
257,6,27,100.0029278738651,1
257,7,28,100.0029278738651,1
257,7,29,100.0029278738651,1
257,8,30,100.0029278738651,1
257,8,32,100.0029278738651,1
257,9,33,100.00291120719844,1
257,9,35,100.00291120719844,1
257,11,36,100.00291120719844,1
258,2,6,104.64349683845242,2
258,6,25,100.00291537386511,1
258,6,26,100.00291537386511,1
258,7,27,100.00290704053177,1
258,7,28,100.00290704053177,1
258,8,31,100.00290704053177,1
258,8,32,100.00290704053177,1
258,10,33,100.00289454053177,1
258,10,34,100.00289454053177,1
258,11,35,100.00289454053177,1
258,11,36,100.00289454053177,1
259,6,12,96.88819353505649,1
259,6,13,96.88819353505649,1
259,7,14,96.88818520172316,1
259,7,15,96.88818520172316,1
259,8,16,96.88818520172316,1
259,8,17,96.88818520172316,1
259,9,18,96.88817686838982,1
259,10,19,96.88817270172316,1
259,11,25,100.00286745719845,1
263,12,25,103.54224270364064,1
263,13,26,103.54224270364064,1
263,14,28,103.54224270364064,1
263,15,29,103.54224270364064,1
263,16,30,103.54224270364064,1
263,17,32,103.54224270364064,1
263,18,33,103.54224270364064,1
263,19,34,103.54224270364064,1
264,25,12,94.7945283920111,1
264,26,12,94.7945283920111,1
264,27,13,94.7945283920111,1
264,28,13,94.7945283920111,1
264,29,14,94.7945283920111,1
264,30,14,94.7945283920111,1
264,33,15,94.7945283920111,1
264,34,15,94.7945283920111,1
264,35,16,94.7945283920111,1
264,36,16,94.7945283920111,1
264,6,17,94.78253571021324,2
264,7,18,94.78252737687991,1
264,8,18,94.78252737687991,1
264,9,19,94.78252321021324,1
264,10,19,94.78251904354659,1
265,11,2,97.39445535218776,1
265,26,2,97.38234997494763,1
265,27,2,97.38234997494763,1
265,28,2,97.38234997494763,1
265,29,2,97.38234997494763,1
267,25,5,94.85802307849082,1
267,26,5,94.85802307849082,1
267,28,5,94.85802307849082,1
267,29,5,94.85802307849082,1
267,32,5,94.85802307849082,1
268,1,25,104.0824523997502,1
268,1,26,104.0824523997502,1
268,1,27,104.0824523997502,1
268,25,3,98.06713086191506,1
268,28,3,98.06713086191506,1
268,29,3,98.06713086191506,1
268,33,3,98.06713086191506,1
270,3,25,100.6070978610579,1
270,3,26,100.6070978610579,1
270,3,27,100.6070978610579,1
270,3,28,100.6070978610579,1
270,3,30,100.6070978610579,1
275,1,25,100.26802358828193,1
275,1,26,100.26802358828193,1
275,1,27,100.26802358828193,1
275,1,28,100.26802358828193,1
275,1,29,100.26802358828193,1
276,25,1,99.02433871733382,1
276,26,12,91.3807141668202,1
276,27,12,91.3807141668202,1
276,29,12,91.3807141668202,1
276,30,12,91.3807141668202,1
276,31,13,91.3807141668202,1
276,32,13,91.3807141668202,1
276,33,13,91.3807141668202,1
276,34,13,91.3807141668202,1
276,36,14,91.3807141668202,1
276,25,14,91.38071400688719,1
276,26,14,91.38071400688719,1
276,27,14,91.38071400688719,1
276,28,15,91.38071400688719,1
276,29,15,91.38071400688719,1
276,30,15,91.38071400688719,1
276,31,15,91.38071400688719,1
276,32,16,91.38071400688719,1
276,33,16,91.38071400688719,1
276,34,16,91.38071400688719,1
276,35,16,91.38071400688719,1
276,36,17,91.38071400688719,1
276,26,17,91.3807129161915,1
276,27,17,91.3807129161915,1
276,30,17,91.3807129161915,1
276,32,18,91.3807129161915,1
276,25,18,91.38070855340874,1
276,26,18,91.38070855340874,1
276,27,18,91.38070855340874,1
276,28,19,91.38070855340874,1
276,29,19,91.38070855340874,1
276,30,19,91.38070855340874,1
276,34,19,91.38070855340874,1
277,36,3,97.40769943986655,1
277,26,3,97.40768198873552,1
277,27,3,97.40768198873552,1
280,2,25,100.29494151016468,1
280,2,26,100.29494151016468,1
280,2,27,100.29494151016468,1
280,2,28,100.29494151016468,1
280,2,29,100.29494151016468,1
280,12,30,109.81083273666002,1
280,12,33,109.81083273666002,1
280,12,35,109.81083273666002,1
280,12,36,109.81083273666002,1
280,12,31,109.81083280941766,1
280,13,32,109.81083280941766,1
280,13,33,109.81083280941766,1
280,13,35,109.81083280941766,1
280,13,25,109.81083326038126,1
280,13,26,109.81083326038126,1
280,14,27,109.81083326038126,1
280,14,29,109.81083326038126,1
280,14,30,109.81083326038126,1
280,14,31,109.81083326038126,1
280,14,32,109.81083326038126,1
280,15,33,109.81083326038126,1
280,15,34,109.81083326038126,1
280,15,36,109.81083326038126,1
280,15,31,109.81085796884516,1
280,15,33,109.81085796884516,1
280,16,34,109.81085796884516,1
280,16,36,109.81085796884516,1
280,16,28,109.81105131568873,1
280,16,30,109.81105131568873,1
280,16,33,109.81105131568873,1
280,17,35,109.81105131568873,1
280,17,36,109.81105131568873,1
280,17,26,109.81181472930679,1
280,17,27,109.81181472930679,1
280,17,28,109.81181472930679,1
280,18,29,109.81181472930679,1
280,18,30,109.81181472930679,1
280,18,31,109.81181472930679,1
280,18,32,109.81181472930679,1
280,18,33,109.81181472930679,1
280,19,36,109.81181472930679,1
280,19,35,109.81486838377904,1
280,19,36,109.81486838377904,1
280,19,25,109.82039277161445,1
280,19,26,109.82039277161445,1
281,1,31,100.26118282241248,1
281,1,33,100.26118282241248,1
281,3,34,101.61716820278835,1
281,3,36,101.61716820278835,1
281,3,6,101.62015395162305,3
281,25,5,96.40503765407504,1
281,26,5,96.40503765407504,1
281,27,5,96.40503765407504,1
281,28,5,96.40503765407504,1
281,32,5,96.40503765407504,1
283,35,12,89.84546577968777,1
283,36,12,89.84546577968777,1
283,25,12,89.84546571356509,1
283,27,12,89.84546571356509,1
283,28,12,89.84546571356509,1
283,29,13,89.84546571356509,1
283,30,13,89.84546571356509,1
283,31,13,89.84546571356509,1
283,32,13,89.84546571356509,1
283,33,13,89.84546571356509,1
283,34,14,89.84546571356509,1
283,35,14,89.84546571356509,1
283,36,14,89.84546571356509,1
283,25,14,89.84546544907431,1
283,26,14,89.84546544907431,1
283,27,15,89.84546544907431,1
283,29,15,89.84546544907431,1
283,30,15,89.84546544907431,1
283,31,15,89.84546544907431,1
283,32,15,89.84546544907431,1
283,33,16,89.84546544907431,1
283,34,16,89.84546544907431,1
283,35,16,89.84546544907431,1
283,36,16,89.84546544907431,1
283,26,16,89.8454643911112,1
283,27,17,89.8454643911112,1
283,29,17,89.8454643911112,1
283,30,17,89.8454643911112,1
283,31,17,89.8454643911112,1
283,32,17,89.8454643911112,1
283,34,18,89.8454643911112,1
283,35,18,89.8454643911112,1
283,28,18,89.84544270812773,1
283,30,18,89.84544270812773,1
283,31,18,89.84544270812773,1
283,32,19,89.84544270812773,1
283,33,19,89.84544270812773,1
283,34,19,89.84544270812773,1
283,35,19,89.84544270812773,1
283,36,19,89.84544270812773,1
284,34,12,98.76883872417457,1
284,33,13,98.76826732537893,1
284,34,14,98.76826732537893,1
284,36,15,98.76826732537893,1
284,25,16,98.76598173019642,1
284,27,17,98.76598173019642,1
284,28,18,98.76598173019642,1
284,29,19,98.76598173019642,1
285,30,5,98.5786880761879,1
285,34,5,98.5786880761879,1
285,35,12,96.00299371061257,1
285,36,13,96.00299371061257,1
285,6,14,95.99195164598609,1
285,6,15,95.99195164598609,1
285,7,16,95.99193497931941,1
285,8,17,95.99193497931941,1
285,9,18,95.99193081265275,1
285,10,19,95.99192664598608,1
286,12,25,100.68488499270197,1
286,13,26,100.68488499270197,1
286,14,27,100.68488499270197,1
286,15,29,100.68488499270197,1
286,16,30,100.68488499270197,1
286,17,31,100.68488499270197,1
286,18,32,100.68488499270197,1
286,19,33,100.68488499270197,1
287,25,3,99.38969308040606,1
287,27,3,99.38969308040606,1
287,28,3,99.38969308040606,1
289,12,34,100.28457758051962,1
289,13,25,100.28471900857306,1
289,14,26,100.28471900857306,1
289,15,27,100.28471900857306,1
289,16,28,100.28471900857306,1
289,17,29,100.28471900857306,1
289,18,30,100.28471900857306,1
289,19,32,100.28471900857306,1
290,28,2,95.60269612260701,1
292,29,4,95.36426545385,1
292,30,4,95.36426545385,1
292,35,4,95.36426545385,1
295,4,25,100.85239869404046,1
295,4,27,100.85239869404046,1
295,4,29,100.85239869404046,1
295,4,30,100.85239869404046,1
295,4,31,100.85239869404046,1
297,27,2,95.45093669891304,1
297,28,2,95.45093669891304,1
297,29,2,95.45093669891304,1
297,31,2,95.45093669891304,1
298,3,32,101.58601674223868,1
298,3,34,101.58601674223868,1
298,3,32,101.5860167992443,1
299,25,1,96.6082859517598,1
299,4,33,103.78084719751136,1
299,4,34,103.78084719751136,1
299,4,35,103.78084719751136,1
299,4,25,103.78084763537377,1
299,26,25,99.69452688491594,1
299,29,25,99.69452688491594,1
299,30,26,99.69452688491594,1
299,31,26,99.69452688491594,1
299,33,27,99.69452688491594,1
299,34,27,99.69452688491594,1
299,26,28,99.6945268753638,1
299,33,28,99.6945268753638,1
299,34,30,99.6945268753638,1
299,35,30,99.6945268753638,1
299,36,32,99.6945268753638,1
299,34,32,99.69452683715522,1
299,36,33,99.69452683715522,1
299,36,33,99.69452662731528,1
300,25,2,98.55074402173805,1
300,26,2,98.55074402173805,1
300,28,2,98.55074402173805,1
300,29,2,98.55074402173805,1
300,33,2,98.55074402173805,1
300,4,26,99.89125070257069,1
300,4,27,99.89125070257069,1
300,4,28,99.89125070257069,1
300,34,27,99.6945157693929,1
300,25,27,99.69448087983187,1
300,27,28,99.69448087983187,1
300,29,28,99.69448087983187,1
300,32,30,99.69448087983187,1
300,33,30,99.69448087983187,1
300,34,31,99.69448087983187,1
300,35,31,99.69448087983187,1
300,36,32,99.69448087983187,1
300,29,32,99.69434132158776,1
300,33,34,99.69434132158776,1
300,36,34,99.69434132158776,1
300,30,35,99.69378308861131,1
300,31,35,99.69378308861131,1
301,2,30,100.66116162150934,1
301,2,31,100.66116162150934,1
301,32,25,99.69359991841591,1
301,33,25,99.69359991841591,1
301,34,26,99.69359991841591,1
301,35,26,99.69359991841591,1
301,36,27,99.69359991841591,1
301,6,27,99.68142933191915,1
301,6,28,99.68142933191915,1
301,7,28,99.68141683191914,1
301,8,29,99.68141683191914,1
301,9,29,99.68141266525248,1
301,11,31,99.68141266525248,1
301,10,31,99.68140849858581,1
301,30,32,99.67011922853987,1
301,31,32,99.67011922853987,1
301,35,33,99.67011922853987,1
301,36,33,99.67011922853987,1
301,33,34,99.56204605525578,1
302,6,12,95.24319335515642,1
302,7,12,95.24318502182308,1
302,8,13,95.24318502182308,1
302,9,13,95.24318085515641,1
302,11,14,95.24318085515641,1
302,10,14,95.24317668848974,1
302,1,15,95.22193329085547,1
302,28,15,95.14813549415649,1
302,30,16,95.14813549415649,1
302,33,16,95.14813549415649,1
302,34,17,95.14813549415649,1
302,35,17,95.14813549415649,1
302,27,18,95.14813549159905,1
302,30,18,95.14813549159905,1
302,31,19,95.14813549159905,1
302,32,19,95.14813549159905,1
303,3,25,103.9349883457636,1
303,3,26,103.9349883457636,1
303,3,27,103.9349883457636,1
303,3,28,103.9349883457636,1
303,12,6,109.28179294067202,4
303,12,7,109.28180127400535,1
303,13,7,109.28180127400535,3
303,13,8,109.28180127400535,2
303,14,8,109.28180127400535,2
303,14,9,109.28180544067202,3
303,15,9,109.28180544067202,1
303,15,11,109.28180544067202,4
303,16,10,109.28180960733869,4
303,16,29,109.29816581755179,1
303,17,30,109.29816581755179,1
303,17,31,109.29816581755179,1
303,17,32,109.29816581755179,1
303,17,33,109.29816581755179,1
303,17,34,109.29816581755179,1
303,18,36,109.29816581755179,1
303,18,34,109.38172965831723,1
303,18,36,109.38172965831723,2
303,18,35,109.51541835571706,1
303,19,36,109.51541835571706,1
303,19,25,109.51542010716672,1
303,19,27,109.51542010716672,1
303,19,28,109.51542010716672,1
303,19,29,109.51542010716672,1
304,3,25,100.85241736652051,1
304,3,27,100.85241736652051,1
304,3,28,100.85241736652051,1
304,3,29,100.85241736652051,1
304,6,12,93.37169584889449,2
304,7,13,93.37168751556115,1
304,8,13,93.37168751556115,1
304,9,14,93.37168334889449,1
304,11,14,93.37168334889449,1
304,10,15,93.37167918222781,1
304,33,15,93.3667900719109,1
304,34,16,93.3667900719109,1
304,35,16,93.3667900719109,1
304,25,17,93.36679006168116,1
304,27,17,93.36679006168116,1
304,29,18,93.36679006168116,1
304,30,18,93.36679006168116,1
304,31,19,93.36679006168116,1
304,32,19,93.36679006168116,1
305,5,25,102.53831333216526,1
305,5,26,102.53831333216526,1
305,5,27,102.53831333216526,1
305,5,28,102.53831333216526,1
305,5,29,102.53831333216526,1
306,25,2,95.37765586004764,1
306,27,2,95.37765586004764,1
306,28,2,95.37765586004764,1
307,29,4,95.65714590501112,1
307,30,4,95.65714590501112,1
307,31,4,95.65714590501112,1
309,4,26,101.31889029978859,1
310,2,28,101.85916183313708,1
310,2,29,101.85916183313708,1
310,2,30,101.85916183313708,1
310,2,32,101.85916183313708,1
311,4,33,99.76937508105787,1
311,4,35,99.76937508105787,1
311,4,36,99.76937508105787,1
311,4,25,99.77030455974244,1
314,5,25,101.78208472394843,1
314,5,26,101.78208472394843,1
314,5,28,101.78208472394843,1
314,5,30,101.78208472394843,1
314,25,12,98.16742592998722,1
314,27,13,98.16742592998722,1
314,28,14,98.16742592998722,1
314,29,15,98.16742592998722,1
314,31,16,98.16742592998722,1
314,33,17,98.16742592998722,1
314,34,18,98.16742592998722,1
314,35,19,98.16742592998722,1
317,26,4,94.924872044338,1
317,27,4,94.924872044338,1
319,4,25,102.28221018600827,1
319,4,27,102.28221018600827,1
319,12,28,103.43131126192478,1
319,12,30,103.43131126192478,1
319,13,32,103.43131126192478,1
319,13,33,103.43131126192478,1
319,14,34,103.43131126192478,1
319,14,35,103.43131126192478,1
319,15,36,103.43131126192478,1
319,15,26,103.43131148317593,1
319,16,27,103.43131148317593,1
319,16,28,103.43131148317593,1
319,17,29,103.43131148317593,1
319,17,34,103.43131148317593,1
319,18,35,103.43131148317593,1
319,18,31,103.43131236818053,1
319,19,32,103.43131236818053,1
319,19,33,103.43131236818053,1
323,25,12,90.90923261379486,1
323,27,12,90.90923261379486,1
323,28,12,90.90923261379486,1
323,29,12,90.90923261379486,1
323,31,13,90.90923261379486,1
323,32,13,90.90923261379486,1
323,33,13,90.90923261379486,1
323,34,13,90.90923261379486,1
323,36,14,90.90923261379486,1
323,25,14,90.90923261349424,1
323,26,14,90.90923261349424,1
323,27,14,90.90923261349424,1
323,29,15,90.90923261349424,1
323,30,15,90.90923261349424,1
323,31,15,90.90923261349424,1
323,32,15,90.90923261349424,1
323,33,16,90.90923261349424,1
323,35,16,90.90923261349424,1
323,36,16,90.90923261349424,1
323,25,16,90.90923261186029,1
323,26,17,90.90923261186029,1
323,27,17,90.90923261186029,1
323,28,17,90.90923261186029,1
323,29,17,90.90923261186029,1
323,33,18,90.90923261186029,1
323,35,18,90.90923261186029,1
323,36,18,90.90923261186029,1
323,25,18,90.9092326019645,1
323,26,19,90.9092326019645,1
323,28,19,90.9092326019645,1
323,29,19,90.9092326019645,1
323,31,19,90.9092326019645,1
324,12,25,109.2234199615913,1
324,12,27,109.2234199615913,1
324,12,29,109.2234199615913,1
324,12,30,109.2234199615913,1
324,12,32,109.2234199615913,1
324,13,33,109.2234199615913,1
324,13,34,109.2234199615913,1
324,13,35,109.2234199615913,1
324,13,25,109.2234199620228,1
324,13,26,109.2234199620228,1
324,14,27,109.2234199620228,1
324,14,29,109.2234199620228,1
324,14,30,109.2234199620228,1
324,14,31,109.2234199620228,1
324,14,32,109.2234199620228,1
324,15,33,109.2234199620228,1
324,15,35,109.2234199620228,1
324,15,36,109.2234199620228,1
324,15,34,109.2234210716385,1
324,15,25,109.22342461165691,1
324,16,26,109.22342461165691,1
324,16,28,109.22342461165691,1
324,16,29,109.22342461165691,1
324,16,32,109.22342461165691,1
324,16,35,109.22342461165691,1
324,17,36,109.22342461165691,1
324,17,26,109.22437353001916,1
324,17,28,109.22437353001916,1
324,17,29,109.22437353001916,1
324,17,31,109.22437353001916,1
324,18,32,109.22437353001916,1
324,18,35,109.22437353001916,1
324,18,36,109.22437353001916,1
324,18,30,109.22809144475741,1
324,18,31,109.22809144475741,1
324,19,32,109.22809144475741,1
324,19,33,109.22809144475741,1
324,19,34,109.22809144475741,1
324,19,35,109.22809144475741,1
324,19,30,109.23383332803883,1
325,25,5,99.15999927347113,1
325,26,5,99.15999927347113,1
325,27,5,99.15999927347113,1
325,28,5,99.15999927347113,1
326,30,2,95.66422780794389,1
326,32,2,95.66422780794389,1
326,33,2,95.66422780794389,1
326,35,2,95.66422780794389,1
326,4,25,99.43655466647039,1
326,4,26,99.43655466647039,1
326,4,27,99.43655466647039,1
326,4,28,99.43655466647039,1
327,1,25,101.80167541226353,1
327,1,26,101.80167541226353,1
327,1,27,101.80167541226353,1
328,12,25,106.2496528674541,1
328,12,26,106.2496528674541,1
328,12,27,106.2496528674541,1
328,13,29,106.2496528674541,1
328,13,30,106.2496528674541,1
328,13,31,106.2496528674541,1
328,14,32,106.2496528674541,1
328,14,35,106.2496528674541,1
328,14,28,106.2501409940069,1
328,15,30,106.2501409940069,1
328,15,31,106.2501409940069,1
328,15,32,106.2501409940069,1
328,16,36,106.2501409940069,1
328,16,31,106.25209350021812,1
328,16,32,106.25209350021812,1
328,17,33,106.25209350021812,1
328,17,34,106.25209350021812,1
328,17,35,106.25209350021812,1
328,18,36,106.25209350021812,1
328,18,31,106.259903525063,1
328,18,32,106.259903525063,1
328,19,34,106.259903525063,1
328,19,35,106.259903525063,1
328,19,36,106.259903525063,1
329,2,25,103.30959533322442,1
331,1,25,101.77742429973966,1
331,1,28,101.77742429973966,1
331,1,29,101.77742429973966,1
331,1,30,101.77742429973966,1
331,36,3,97.38992488891061,1
331,25,3,97.38992488889181,1
331,4,31,103.66131479995394,1
331,4,32,103.66131479995394,1
336,4,25,102.50813571496076,1
337,4,26,103.53730677859392,1
337,4,27,103.53730677859392,1
337,4,30,103.53730677859392,1
339,28,2,97.613886944901,1
339,29,2,97.613886944901,1
341,25,12,95.17302907666621,1
341,26,12,95.17302907666621,1
341,27,13,95.17302907666621,1
341,28,13,95.17302907666621,1
341,29,14,95.17302907666621,1
341,30,14,95.17302907666621,1
341,32,15,95.17302907666621,1
341,33,15,95.17302907666621,1
341,34,16,95.17302907666621,1
341,36,16,95.17302907666621,1
341,30,17,95.17302907664964,1
341,31,17,95.17302907664964,1
341,32,18,95.17302907664964,1
341,33,18,95.17302907664964,1
341,35,19,95.17302907664964,1
341,34,19,95.17302906474414,1
342,3,25,103.93115123168084,1
342,3,26,103.93115123168084,1
342,3,28,103.93115123168084,1
342,3,29,103.93115123168084,1
342,3,30,103.93115123168084,1
343,25,2,96.11888754141856,1
343,27,2,96.11888754141856,1
343,28,2,96.11888754141856,1
343,29,2,96.11888754141856,1
344,3,26,102.55313731660686,1
346,25,4,99.17328939833276,1
346,26,4,99.17328939833276,1
346,27,4,99.17328939833276,1
346,30,4,99.17328939833276,1
346,33,4,99.17328939833276,1
347,25,1,98.96220123381406,1
347,5,27,99.67665086565016,1
348,26,2,95.52696918684035,1
348,27,5,97.31186178134156,1
348,12,25,99.73459141390838,1
348,13,26,99.73459141390838,1
348,14,27,99.73459141390838,1
348,15,28,99.73459141390838,1
348,16,29,99.73459141390838,1
348,17,30,99.73459141390838,1
348,18,31,99.73459141390838,1
348,19,32,99.73459141390838,1
349,28,25,99.12380732421475,1
349,30,25,99.12380732421475,1
349,32,25,99.12380732421475,1
349,33,27,99.12380732421475,1
349,34,27,99.12380732421475,1
349,36,27,99.12380732421475,1
349,25,28,99.12380732421475,1
349,27,28,99.12380732421475,1
349,29,28,99.12380732421475,1
349,31,29,99.12380732421475,1
349,32,29,99.12380732421475,1
349,34,29,99.12380732421475,1
349,35,31,99.12380732421475,1
349,36,31,99.12380732421475,1
349,36,31,99.12380732421474,1
349,26,32,99.12380732421464,1
349,27,32,99.12380732421464,1
349,28,32,99.12380732421464,1
349,29,33,99.12380732421464,1
349,31,33,99.12380732421464,1
349,36,33,99.12380732421464,1
349,31,34,99.12380732421425,1
349,33,34,99.12380732421425,1
349,35,34,99.12380732421425,1
349,36,35,99.12380732421425,1
349,36,35,99.12380731228804,1
349,28,35,99.12380727270491,1
349,29,36,99.12380727270491,1
349,31,36,99.12380727270491,1
349,32,36,99.12380727270491,1
350,34,25,99.12380725982746,1
350,36,25,99.12380710149498,1
350,26,25,99.12380182189091,1
350,28,27,99.12380182189091,1
350,29,27,99.12380182189091,1
350,30,27,99.12380182189091,1
350,31,28,99.12380182189091,1
350,33,28,99.12380182189091,1
350,34,28,99.12380182189091,1
350,35,30,99.12380182189091,1
350,36,30,99.12380182189091,1
350,25,30,99.12376126379692,1
350,26,31,99.12376126379692,1
350,32,31,99.12376126379692,1
350,33,31,99.12376126379692,1
350,35,32,99.12376126379692,1
350,28,32,99.12359903142097,1
350,29,32,99.12359903142097,1
350,32,34,99.12359903142097,1
350,33,34,99.12359903142097,1
350,35,34,99.12359903142097,1
350,32,35,99.12295010191717,1
350,33,35,99.12295010191717,1
350,34,35,99.12295010191717,1
350,33,36,99.11570699047918,1
350,34,36,99.11570699047918,1
350,35,36,99.11570699047918,1
351,36,25,99.11368192314212,1
351,27,25,99.11368188222318,1
351,29,25,99.11368188222318,1
351,30,26,99.11368188222318,1
351,31,26,99.11368188222318,1
351,32,26,99.11368188222318,1
351,33,27,99.11368188222318,1
351,34,27,99.11368188222318,1
351,35,27,99.11368188222318,1
351,36,29,99.11368188222318,1
351,31,29,99.11368172037629,1
351,33,29,99.11368172037629,1
351,34,30,99.11368172037629,1
351,27,30,99.11338163328081,1
351,29,30,99.11338163328081,1
351,30,31,99.11338163328081,1
351,34,31,99.11338163328081,1
351,35,31,99.11338163328081,1
351,27,32,99.11120922028246,1
351,30,32,99.11120922028246,1
351,31,32,99.11120922028246,1
351,32,33,99.11120922028246,1
351,34,33,99.11120922028246,1
351,6,33,99.10518625023785,1
351,7,35,99.10518208357118,1
351,8,35,99.10518208357118,1
351,9,35,99.10517791690452,1
351,11,36,99.10517791690452,1
351,10,36,99.10517375023785,1
351,25,36,98.9889490771866,1
352,25,3,98.90957903791889,1
352,26,3,98.90957903791889,2
352,6,27,99.01163244910455,1
352,7,27,99.01162828243787,1
352,8,28,99.01162828243787,1
352,9,28,99.01162411577121,1
352,11,30,99.01162411577121,1
352,10,30,99.01161994910454,1
352,30,32,98.95776586569772,2
352,31,33,98.95776586569772,2
352,32,34,98.95776586569772,2
353,6,26,98.97122834488275,1
353,7,26,98.97122417821609,1
353,8,28,98.97122417821609,1
353,9,28,98.97122001154942,1
353,11,29,98.97122001154942,1
353,10,29,98.97121584488275,1
353,35,31,98.94429921984602,2
354,3,32,101.88503247479876,2
354,3,34,101.88503247479876,2
354,3,6,102.02112252659157,1
354,6,25,98.75472140309176,1
354,7,26,98.75471306975842,1
354,8,28,98.75471306975842,1
354,9,29,98.75470890309177,1
354,11,30,98.75470890309177,1
354,10,31,98.7547047364251,1
354,4,32,98.74647349369059,1
354,4,33,98.74647349369059,1
354,4,34,98.74647349369059,1
358,4,26,99.27618987110677,1
358,4,27,99.27618987110677,1
358,4,28,99.27618987110677,1
358,4,29,99.27618987110677,1
358,5,30,102.66714102308742,1
358,5,32,102.66714102308742,1
358,12,33,104.3867339152938,1
358,12,34,104.3867339152938,1
358,13,35,104.3867339152938,1
358,13,36,104.3867339152938,1
358,14,26,104.39208311341174,1
358,14,27,104.39208311341174,1
358,15,28,104.39208311341174,1
358,15,29,104.39208311341174,1
358,16,30,104.39208311341174,1
358,16,31,104.39208311341174,1
358,17,34,104.39208311341174,1
358,17,36,104.39208311341174,1
358,18,6,104.3972862993329,2
358,19,6,104.3972862993329,2
360,26,3,96.84756104839946,1
360,27,3,96.84756104839946,1
360,28,3,96.84756104839946,1
360,29,3,96.84756104839946,1
362,4,25,99.84069892984627,1
362,4,26,99.84069892984627,1
362,4,27,99.84069892984627,1
362,4,29,99.84069892984627,1
362,25,5,97.77791957677033,1
362,26,5,97.77791957677033,1
362,29,5,97.77791957677033,1
362,30,5,97.77791957677033,1
364,2,25,99.61095147435566,1
364,4,26,98.91342343631894,1
365,25,1,97.34866164499437,1
365,28,1,97.34866164499437,1
365,29,1,97.34866164499437,1
365,30,1,97.34866164499437,1
365,32,4,97.22183658378034,1
365,33,4,97.22183658378034,1
365,34,4,97.22183658378034,1
365,35,4,97.22183658378034,1
366,5,25,99.13135200842366,1
366,5,26,99.13135200842366,1
366,5,27,99.13135200842366,1
366,5,29,99.13135200842366,1
367,25,4,96.5999481688202,1
367,30,4,96.5999481688202,1
367,31,4,96.5999481688202,1
367,32,4,96.5999481688202,1
369,25,2,94.15220737602301,1
369,26,2,94.15220737602301,1
369,27,2,94.15220737602301,1
369,28,2,94.15220737602301,1
371,2,25,101.64476072146711,1
371,2,26,101.64476072146711,1
371,2,27,101.64476072146711,1
372,26,1,96.48588877647248,1
372,27,1,96.48588877647248,1
372,28,1,96.48588877647248,1
374,4,26,103.04753968380187,1
374,4,27,103.04753968380187,1
374,4,29,103.04753968380187,1
376,25,4,94.84605745088996,1
376,27,4,94.84605745088996,1
376,28,4,94.84605745088996,1
376,29,4,94.84605745088996,1
376,30,4,94.84605745088996,1
376,12,25,103.33354496815792,1
376,12,26,103.33354496815792,1
376,13,28,103.33354496815792,1
376,13,29,103.33354496815792,1
376,14,32,103.33354496815792,1
376,14,33,103.33354496815792,1
376,15,35,103.33354496815792,1
376,15,36,103.33354496815792,1
376,16,31,103.33354496841508,1
376,16,33,103.33354496841508,1
376,17,34,103.33354496841508,1
376,17,35,103.33354496841508,1
376,18,25,103.33354496944371,1
376,18,26,103.33354496944371,1
376,19,27,103.33354496944371,1
376,19,28,103.33354496944371,1
378,4,25,103.26007750250031,1
378,4,26,103.26007750250031,1
378,4,27,103.26007750250031,1
378,4,29,103.26007750250031,1
378,4,30,103.26007750250031,1
379,25,3,94.79630187583888,1
379,26,3,94.79630187583888,1
379,28,3,94.79630187583888,1
379,30,3,94.79630187583888,1
379,31,3,94.79630187583888,1
382,33,1,94.0289942089058,1
382,35,1,94.0289942089058,1
382,36,1,94.0289942089058,1
384,25,12,93.53634622833142,1
384,26,12,93.53634622833142,1
384,27,13,93.53634622833142,1
384,28,13,93.53634622833142,1
384,29,14,93.53634622833142,1
384,30,14,93.53634622833142,1
384,32,15,93.53634622833142,1
384,34,15,93.53634622833142,1
384,36,16,93.53634622833142,1
384,31,16,93.53634622829657,1
384,33,17,93.53634622829657,1
384,34,17,93.53634622829657,1
384,35,18,93.53634622829657,1
384,36,18,93.53634622829657,1
384,25,19,93.53634622816224,1
384,26,19,93.53634622816224,1
385,1,25,101.52370631099447,1
385,1,26,101.52370631099447,1
385,1,28,101.52370631099447,1
387,25,4,94.41488456378104,1
390,4,29,101.25889477227086,1
390,4,30,101.25889477227086,1
390,4,31,101.25889477227086,1
391,25,2,95.62383416625497,1
391,30,2,95.62383416625497,1
391,31,2,95.62383416625497,1
391,32,2,95.62383416625497,1
392,4,33,100.26284420619584,1
392,4,34,100.26284420619584,1
392,4,35,100.26284420619584,1
393,12,25,101.29055314802457,1
393,13,26,101.29055314802457,1
393,14,27,101.29055314802457,1
393,15,28,101.29055314802457,1
393,16,31,101.29055314802457,1
393,17,32,101.29055314802457,1
393,18,33,101.29055314802457,1
393,19,34,101.29055314802457,1
394,5,35,102.50723294231773,1
394,5,36,102.50723294231774,1
394,5,27,102.5072329423179,1
396,2,25,99.8500113273141,1
396,2,27,99.8500113273141,1
396,26,5,96.01688641152384,1
396,27,5,96.01688641152384,1
396,28,12,96.11753981540687,1
396,29,13,96.11753981540687,1
396,30,14,96.11753981540687,1
396,32,15,96.11753981540687,1
396,33,16,96.11753981540687,1
396,35,17,96.11753981540687,1
396,36,18,96.11753981540687,1
396,25,19,96.11753981540687,1
397,1,25,99.47624451043694,1
397,1,27,99.47624451043694,1
397,1,28,99.47624451043694,1
397,1,29,99.47624451043694,1
398,26,1,97.57200036585267,1
398,29,1,97.57200036585267,1
398,2,26,102.51192482508351,1
399,30,3,96.7616207286238,1
399,31,3,96.7616207286238,1
399,33,3,96.7616207286238,1
399,35,26,98.43989901418779,1
399,25,26,98.43989901418779,1
399,28,26,98.43989901418779,1
399,31,28,98.43989901418779,1
399,32,28,98.43989901418779,1
399,33,28,98.43989901418779,1
399,34,29,98.43989901418779,1
399,36,29,98.43989901418779,1
399,26,29,98.43989901418779,1
399,28,30,98.43989901418779,1
399,31,30,98.43989901418779,1
399,32,30,98.43989901418779,1
399,34,31,98.43989901418779,1
399,35,31,98.43989901418779,1
399,36,31,98.43989901418779,1
399,33,32,98.43989901418776,1
399,34,32,98.43989901418776,1
399,36,32,98.43989901418776,1
399,28,33,98.43989901418763,1
399,29,33,98.43989901418763,1
399,30,33,98.43989901418763,1
399,33,34,98.43989901418763,1
399,25,34,98.43989901418713,1
399,27,34,98.43989901418713,1
399,28,35,98.43989901418713,1
399,29,35,98.43989901418713,1
399,31,35,98.43989901418713,1
400,32,4,94.27601819723876,1
400,33,4,94.27601819723876,1
400,34,4,94.27601819723876,1
400,36,25,98.43989901418696,1
400,26,25,98.43989901418499,1
400,29,25,98.43989901418499,1
400,30,26,98.43989901418499,1
400,31,26,98.43989901418499,1
400,33,26,98.43989901418499,1
400,34,29,98.43989901418499,1
400,35,29,98.43989901418499,1
400,26,29,98.43989901417704,1
400,27,30,98.43989901417704,1
400,28,30,98.43989901417704,1
400,29,30,98.43989901417704,1
400,30,31,98.43989901417704,1
400,32,31,98.43989901417704,1
400,35,31,98.43989901417704,1
400,36,32,98.43989901417704,1
400,25,32,98.4398990141453,1
400,27,32,98.4398990141453,1
400,28,33,98.4398990141453,1
400,29,33,98.4398990141453,1
400,30,33,98.4398990141453,1
400,31,34,98.4398990141453,1
400,33,34,98.4398990141453,1
400,35,34,98.4398990141453,1
400,27,35,98.4398990140183,1
400,28,35,98.4398990140183,1
400,29,35,98.4398990140183,1
400,30,36,98.4398990140183,1
400,31,36,98.4398990140183,1
400,33,36,98.4398990140183,1
401,2,27,103.0388610295225,1
401,2,28,103.0388610295225,1
401,2,30,103.0388610295225,1
401,5,33,103.08878217063267,1
401,5,35,103.08878217063267,1
401,34,25,98.43989901397613,1
401,36,25,98.43989901397613,1
401,29,25,98.43989901215309,1
401,30,26,98.43989901215309,1
401,31,26,98.43989901215309,1
401,33,26,98.43989901215309,1
401,34,27,98.43989901215309,1
401,35,27,98.43989901215309,1
401,36,27,98.43989901215309,1
401,30,28,98.4398989751731,1
401,31,28,98.4398989751731,1
401,33,28,98.4398989751731,1
401,34,29,98.4398989751731,1
401,35,29,98.4398989751731,1
401,36,29,98.4398989751731,1
401,33,30,98.439898695272,1
401,34,30,98.439898695272,1
401,35,30,98.439898695272,1
401,36,32,98.439898695272,1
401,36,32,98.43989757566767,1
401,31,32,98.43988346010177,1
401,32,34,98.43988346010177,1
401,33,34,98.43988346010177,1
401,36,34,98.43988346010177,1
401,26,35,98.43978204339692,1
401,27,35,98.43978204339692,1
401,28,35,98.43978204339692,1
402,29,5,98.02126331262667,1
402,30,5,98.02126331262667,1
402,31,25,98.43975280075212,1
402,33,25,98.43975280075212,1
402,35,25,98.43975280075212,1
402,36,26,98.43975280075212,1
402,32,26,98.4393471339327,1
402,33,26,98.4393471339327,1
402,35,27,98.4393471339327,1
402,36,27,98.4393471339327,1
402,6,27,98.42726961945974,1
402,6,28,98.42726961945974,1
402,7,28,98.42724461945973,1
402,8,28,98.42724461945973,1
402,9,29,98.42724045279306,1
402,11,29,98.42724045279306,1
402,10,29,98.4272362861264,1
402,4,31,98.42385670352523,3
402,4,32,98.42385670352523,1
402,4,32,98.40374518131355,2
402,1,34,98.39495008784837,3
402,4,36,98.37693891786957,1
402,4,36,98.32807800459946,1
402,3,36,98.28623386160609,1
403,6,26,98.31212208176689,1
403,7,26,98.31210124843355,1
403,8,27,98.31210124843355,1
403,9,27,98.31209708176688,1
403,11,28,98.31209708176688,1
403,10,28,98.31209291510021,1
403,3,32,98.24785412681959,2
403,3,33,98.24785412681959,2
403,5,36,98.211399835983,2
404,6,26,98.16805481093476,1
404,7,27,98.16803397760144,1
404,8,28,98.16803397760144,1
404,9,31,98.16802981093477,1
404,11,32,98.16802981093477,1
404,10,33,98.16802564426811,1
405,3,25,98.02315743334998,1
405,3,26,98.02315743334998,1
405,6,27,98.0214722198446,1
405,7,29,98.02145138651126,1
405,8,30,98.02145138651126,1
405,9,31,98.02144721984459,1
405,11,32,98.02144721984459,1
406,6,12,96.2178565097629,1
406,7,13,96.21783567642957,1
406,8,14,96.21783567642957,1
406,2,15,96.1792672279935,1
406,2,16,96.17087610970913,1
406,2,17,96.17087610970913,1
406,2,18,96.17087610970913,1
406,3,19,96.1510654596452,1
411,27,3,96.33959344466626,1
411,28,3,96.33959344466626,1
413,29,4,96.01152296398635,1
413,30,4,96.01152296398635,1
413,31,4,96.01152296398635,1
413,34,4,96.01152296398635,1
413,36,4,96.01152296398635,1
414,25,3,93.30444717288862,1
414,26,3,93.30444717288862,1
414,27,3,93.30444717288862,1
414,29,3,93.30444717288862,1
414,30,3,93.30444717288862,1
414,12,25,106.04669992124882,1
414,12,26,106.04669992124882,1
414,12,28,106.04669992124882,1
414,12,29,106.04669992124882,1
414,13,32,106.04669992124882,1
414,13,33,106.04669992124882,1
414,13,34,106.04669992124882,1
414,13,35,106.04669992124882,1
414,14,36,106.04669992124882,1
414,14,27,106.04672095089774,1
414,14,28,106.04672095089774,1
414,14,29,106.04672095089774,1
414,15,30,106.04672095089774,1
414,15,31,106.04672095089774,1
414,15,32,106.04672095089774,1
414,15,33,106.04672095089774,1
414,16,34,106.04672095089774,1
414,16,35,106.04672095089774,1
414,16,36,106.04672095089774,1
414,16,29,106.04680506949344,1
414,17,30,106.04680506949344,1
414,17,32,106.04680506949344,1
414,17,33,106.04680506949344,1
414,17,34,106.04680506949344,1
414,18,35,106.04680506949344,1
414,18,26,106.04714154387624,1
414,18,27,106.04714154387624,1
414,18,28,106.04714154387624,1
414,19,29,106.04714154387624,1
414,19,30,106.04714154387624,1
414,19,31,106.04714154387624,1
414,19,32,106.04714154387624,1
415,3,33,100.71847441653581,1
415,3,34,100.71847441653581,1
417,25,3,96.78157165750522,1
417,26,3,96.78157165750522,1
417,27,3,96.78157165750522,1
417,28,3,96.78157165750522,1
418,3,26,99.66352049859435,1
418,3,27,99.66352049859435,1
418,3,28,99.66352049859435,1
418,3,32,99.66352049859435,1
418,12,33,105.75959744277345,1
418,12,35,105.75959744277345,1
418,12,35,105.76004563716617,1
418,12,36,105.76004563716617,1
418,13,25,105.76139153469738,1
418,13,27,105.76139153469738,1
418,13,28,105.76139153469738,1
418,13,29,105.76139153469738,1
418,14,31,105.76139153469738,1
418,14,32,105.76139153469738,1
418,14,33,105.76139153469738,1
418,14,34,105.76139153469738,1
418,15,36,105.76139153469738,1
418,15,6,105.7721500365633,3
418,16,6,105.7721500365633,1
418,16,7,105.77217086989664,3
418,17,7,105.77217086989664,2
418,17,8,105.77217086989664,2
418,18,8,105.77217086989664,3
418,18,9,105.77217086989664,1
418,19,9,105.77217086989664,4
419,3,10,100.34558517762824,2
419,25,5,95.64916914004314,1
419,26,5,95.64916914004314,1
419,27,5,95.64916914004314,1
419,29,5,95.64916914004314,1
419,30,5,95.64916914004314,1
421,5,25,101.76426442898662,1
421,5,26,101.76426442898662,1
421,5,28,101.76426442898662,1
421,5,29,101.76426442898662,1
421,5,30,101.76426442898662,1
422,2,25,98.79519045104834,1
422,2,26,98.79519045104834,1
422,3,27,101.69028243475384,1
422,3,28,101.69028243475384,1
422,3,31,101.69028243475384,1
425,31,1,95.18458536603816,1
425,32,1,95.18458536603816,1
425,35,1,95.18458536603816,1
425,25,1,95.18456439032704,1
426,4,25,101.46207846810063,1
426,4,26,101.46207846810063,1
426,4,28,101.46207846810063,1
426,4,29,101.46207846810063,1
426,4,30,101.46207846810063,1
426,25,5,95.46773013864583,1
426,26,5,95.46773013864583,1
426,27,5,95.46773013864583,1
426,28,5,95.46773013864583,1
426,29,5,95.46773013864583,1
429,25,1,94.15846839555553,1
429,4,25,99.72224309820297,1
429,4,26,99.72224309820297,1
429,4,27,99.72224309820297,1
430,2,25,101.34846083567048,1
430,2,27,101.34846083567048,1
430,2,28,101.34846083567048,1
431,5,26,98.90795646657062,1
431,5,27,98.90795646657062,1
431,5,28,98.90795646657062,1
431,5,30,98.90795646657062,1
432,26,1,95.43568306524419,1
432,27,1,95.43568306524419,1
432,28,1,95.43568306524419,1
432,29,1,95.43568306524419,1
432,30,1,95.43568306524419,1
432,35,5,95.0404504475407,1
432,36,5,95.0404504475407,1
432,26,5,95.0404504374863,1
432,27,5,95.0404504374863,1
432,28,5,95.0404504374863,1
433,29,4,93.28151748129133,1
433,30,5,94.16305720107206,1
433,32,5,94.16305720107206,1
433,33,5,94.16305720107206,1
433,35,5,94.16305720107206,1
434,25,2,94.2233195446176,1
435,25,2,94.3536958220142,1
435,28,2,94.3536958220142,1
