time,buyer,seller,price,qty
50,1,14,101.3703960747061,1
50,1,15,101.3703960747061,1
50,1,11,101.37050157433103,1
50,11,12,100.21870226163527,1
50,11,13,100.21870226163527,1
50,12,11,100.22079052117125,1
50,13,12,100.22079052117125,1
50,14,13,100.22079052117125,1
50,15,14,100.22079052117125,1
50,15,11,100.2256977469739,1
50,15,12,100.2256977469739,1
50,15,14,100.2256977469739,1
51,11,15,100.2274729932148,1
51,11,4,100.23640816697201,3
51,12,5,100.23640816697201,3
51,12,11,100.24885971476758,1
51,13,15,100.24885971476758,1
51,13,15,100.3344065898028,2
52,11,4,100.6306951188069,1
52,12,4,100.6306951188069,1
52,13,4,100.6306951188069,1
52,14,5,100.6306951188069,1
52,15,5,100.6306951188069,1
53,11,4,100.6306951188069,1
53,12,4,100.6306951188069,1
53,13,4,100.6306951188069,1
54,11,4,100.6306951188069,1
54,15,4,100.6306951188069,1
55,11,4,100.6306951188069,1
55,13,4,100.6306951188069,1
56,6,4,100.79716664884253,1
56,7,4,100.79716664884253,1
56,8,4,100.79716664884253,1
56,13,5,100.6306951188069,1
56,15,5,100.6306951188069,1
57,11,4,100.6306951188069,1
57,13,4,100.6306951188069,1
57,14,4,100.6306951188069,1
57,15,5,100.6306951188069,1
58,11,4,100.6306951188069,1
58,13,4,100.6306951188069,1
58,14,4,100.6306951188069,1
58,15,5,100.6306951188069,1
59,4,1,96.03909990902076,2
59,11,4,100.6306951188069,1
59,12,4,100.6306951188069,1
59,13,4,100.6306951188069,1
59,15,5,100.6306951188069,1
60,11,4,100.6306951188069,1
60,12,4,100.6306951188069,1
60,13,4,100.6306951188069,1
60,15,5,100.6306951188069,1
61,11,4,100.6306951188069,1
61,12,4,100.6306951188069,1
62,11,4,100.6306951188069,1
62,13,4,100.6306951188069,1
62,14,4,100.6306951188069,1
63,11,4,100.6306951188069,1
63,12,4,100.6306951188069,1
63,13,4,100.6306951188069,1
63,14,5,100.6306951188069,1
63,15,5,100.6306951188069,1
64,11,4,100.6306951188069,1
64,12,4,100.6306951188069,1
64,13,4,100.6306951188069,1
64,15,5,100.6306951188069,1
65,4,2,95.60113769623885,3
65,5,2,95.60113769623885,1
65,11,4,100.6306951188069,1
65,12,4,100.6306951188069,1
65,13,4,100.6306951188069,1
65,14,5,100.6306951188069,1
65,15,5,100.6306951188069,1
66,11,4,100.6306951188069,1
66,12,4,100.6306951188069,1
66,13,4,100.6306951188069,1
67,2,5,103.27649688184033,3
67,14,4,100.6306951188069,1
67,15,4,100.6306951188069,1
68,4,3,97.06484439658698,3
68,5,3,97.06484439658698,1
68,11,4,100.6306951188069,1
68,13,4,100.6306951188069,1
68,14,4,100.6306951188069,1
69,4,3,95.9242236138938,2
69,11,4,100.6306951188069,1
69,13,4,100.6306951188069,1
69,14,4,100.6306951188069,1
69,15,5,100.6306951188069,1
70,4,2,98.54407494230216,3
70,5,2,98.54407494230216,2
70,11,4,100.6306951188069,1
70,13,4,100.6306951188069,1
70,14,4,100.6306951188069,1
71,11,4,100.6306951188069,1
71,12,4,100.6306951188069,1
71,14,4,100.6306951188069,1
72,4,1,96.55130248703034,1
72,11,4,100.6306951188069,1
72,13,4,100.6306951188069,1
72,15,4,100.6306951188069,1
73,11,4,100.6306951188069,1
73,12,4,100.6306951188069,1
73,13,4,100.6306951188069,1
73,14,5,100.6306951188069,1
73,15,5,100.6306951188069,1
74,11,4,100.6306951188069,1
74,12,4,100.6306951188069,1
74,14,4,100.6306951188069,1
74,15,5,100.6306951188069,1
75,6,4,110.31051162652855,3
75,6,5,110.31051162652855,1
75,7,5,110.31051162652855,2
75,7,13,110.3440895813821,2
75,8,13,110.3440895813821,4
75,11,14,100.66427307366044,1
75,13,14,100.66427307366044,1
75,15,14,100.66427307366044,1
76,13,4,100.65587858494706,1
76,14,4,100.65587858494706,1
77,11,4,100.65587858494706,1
77,12,4,100.65587858494706,1
77,14,4,100.65587858494706,1
77,15,5,100.65587858494706,1
78,11,4,100.65587858494706,1
78,12,4,100.65587858494706,1
78,13,4,100.65587858494706,1
78,14,5,100.65587858494706,1
79,2,5,105.21787124560024,2
79,11,4,100.65587858494706,1
79,14,4,100.65587858494706,1
79,15,4,100.65587858494706,1
80,11,4,100.65587858494706,1
80,12,4,100.65587858494706,1
80,13,4,100.65587858494706,1
80,14,5,100.65587858494706,1
80,15,5,100.65587858494706,1
81,4,3,98.31035522341062,2
81,13,4,100.65587858494706,1
82,4,1,97.95663937653495,2
82,11,4,100.65587858494706,1
82,12,4,100.65587858494706,1
82,13,4,100.65587858494706,1
82,14,5,100.65587858494706,1
83,11,4,100.65587858494706,1
83,12,4,100.65587858494706,1
83,15,4,100.65587858494706,1
84,3,5,104.41930605167673,2
84,11,4,100.65587858494706,1
84,13,4,100.65587858494706,1
84,14,4,100.65587858494706,1
85,4,6,96.5224453149732,2
85,4,7,96.5224453149732,1
85,5,7,96.5224453149732,1
85,5,8,96.5224453149732,2
85,11,4,100.65587858494706,1
85,12,4,100.65587858494706,1
85,13,4,100.65587858494706,1
85,14,5,100.65587858494706,1
85,15,5,100.65587858494706,1
86,11,4,100.62754117668034,1
86,12,4,100.62754117668034,1
86,13,4,100.62754117668034,1
86,14,5,100.62754117668034,1
86,15,5,100.62754117668034,1
87,3,5,103.25746851442983,1
87,11,4,100.62754117668034,1
87,12,4,100.62754117668034,1
87,13,4,100.62754117668034,1
87,14,5,100.62754117668034,1
88,12,4,100.62754117668034,1
88,13,4,100.62754117668034,1
88,14,4,100.62754117668034,1
88,15,5,100.62754117668034,1
89,4,6,95.38674980956904,2
89,4,7,95.38674980956904,1
89,5,7,95.38674980956904,1
89,5,8,95.38674980956904,2
89,12,4,100.62754117668034,1
89,13,4,100.62754117668034,1
89,14,4,100.62754117668034,1
89,15,5,100.62754117668034,1
90,9,1,95.92248659702125,1
90,6,4,110.57322195083918,3
90,6,5,110.57322195083918,2
90,7,5,110.57322195083918,1
90,7,14,110.61834833653266,3
90,7,15,110.61834833653266,1
90,8,15,110.61834833653266,5
91,2,3,101.74084453406255,2
92,1,4,102.07115678734377,3
92,1,5,102.07115678734377,1
93,1,13,101.8246762869802,1
93,1,4,101.8396720531923,1
93,3,4,102.37170397586314,2
93,3,5,102.37170397586314,3
94,2,11,101.36100732253396,1
99,13,11,100.87261897546162,1
99,14,12,100.87261897546162,1
99,15,13,100.87261897546162,1
99,11,14,100.87252007884406,1
99,12,15,100.87252007884406,1
100,13,3,100.65932352465545,1
100,14,3,100.65932352465545,1
100,15,3,100.65932352465545,1
100,11,3,100.65859074162827,1
100,14,3,100.65859074162827,1
100,15,13,100.8717625716625,1
102,11,2,100.36197766266778,1
102,12,2,100.36197766266778,1
102,14,2,100.36197766266778,1
102,4,2,100.34754878081094,1
103,6,14,110.95704338024842,1
103,6,11,110.95869256795216,1
103,6,13,110.95869256795216,1
103,6,14,110.95869256795216,1
103,6,15,110.95869256795216,1
103,7,12,110.95870746169837,1
103,7,11,110.95876703668321,1
103,7,12,110.95876703668321,1
103,7,13,110.95876703668321,1
103,7,14,110.95876703668321,1
103,8,12,110.95910423324018,1
103,8,13,110.95910423324018,1
103,8,14,110.95910423324018,1
103,8,15,110.95910423324018,1
103,8,4,110.96870421094474,1
104,6,11,108.93148166744322,1
104,6,12,108.93148166744322,1
104,6,13,108.93148166744322,1
104,7,4,108.94375099651319,3
104,8,5,108.94375099651319,3
108,6,11,102.29052959854184,1
108,7,13,102.29052959854184,1
108,8,14,102.29052959854184,1
110,11,6,100.0978161158653,1
110,13,7,100.0978161158653,1
110,14,8,100.0978161158653,1
112,11,2,97.14590871811359,1
112,12,6,90.78098867848323,1
112,15,6,90.78098867848323,1
112,15,6,90.7809881918142,1
112,12,6,90.78098624513808,1
112,14,6,90.78098624513808,1
112,15,7,90.78098624513808,1
112,11,7,90.78090521476153,1
112,13,7,90.78090521476153,1
112,14,7,90.78090521476153,1
112,15,7,90.78090521476153,1
112,4,8,90.76848873931687,3
112,5,8,90.76848873931687,2
114,11,1,99.5091590055568,1
114,13,1,99.5091590055568,1
114,14,1,99.5091590055568,1
114,15,1,99.5091590055568,1
114,2,11,101.20995068553562,1
115,11,1,100.79452222134067,1
115,13,1,100.79452222134067,1
115,14,1,100.79452222134067,1
115,15,1,100.79452222134067,1
116,12,1,97.70624211751034,1
116,13,1,97.70624211751034,1
116,15,1,97.70624211751034,1
116,4,1,97.69354680683216,2
117,15,2,100.79320823959735,1
118,6,13,104.2926867897979,1
118,7,14,104.2926867897979,1
118,8,13,104.29268685570096,1
122,6,14,110.95454186912721,1
122,6,11,110.95454213273942,1
122,6,12,110.95454213273942,1
122,6,13,110.95454213273942,1
122,6,14,110.95454213273942,1
122,7,15,110.95454562053331,1
122,7,11,110.95455957170896,1
122,7,12,110.95455957170896,1
122,7,13,110.95455957170896,1
122,7,14,110.95455957170896,1
122,8,12,110.95461537641152,1
122,8,13,110.95461537641152,1
122,8,14,110.95461537641152,1
122,8,4,110.96704182145626,2
123,1,11,101.31449271357073,1
123,1,13,101.31449271357073,1
123,1,14,101.31449271357073,1
123,1,15,101.31449271357073,1
123,11,3,100.43089451362304,1
125,11,2,100.73153785401573,1
125,12,2,100.73153785401573,1
125,13,2,100.73153785401573,1
126,1,12,105.64966774014349,1
126,1,13,105.64966774014349,1
126,1,14,105.64966774014349,1
126,1,15,105.64966774014349,1
126,14,3,96.24189585928814,1
126,15,3,96.24189585928814,1
126,12,3,96.24189583809837,1
126,13,3,96.24189583809837,1
127,12,1,99.53045667269083,1
127,14,1,99.53045667269083,1
127,6,11,110.95485416729449,1
127,6,12,110.95485416729449,1
127,6,15,110.95485416729449,1
127,6,12,110.95778385355243,1
127,6,13,110.95778385355243,1
127,7,14,110.95778385355243,1
127,7,15,110.95778385355243,1
127,7,4,110.96725642739074,3
127,8,5,110.96725642739074,3
127,8,3,111.0456696671386,1
127,8,1,111.41302953791191,1
132,2,11,102.94586958191991,1
135,2,11,105.16589488803393,1
135,2,12,105.16589488803393,1
136,6,13,101.85780012403808,1
136,7,14,101.85780012403808,1
136,8,15,101.85780012403808,1
137,6,12,105.25672174099374,1
137,6,13,105.25672174099374,1
137,7,14,105.25672174099374,1
137,7,15,105.25672174099374,1
137,8,11,105.25672177126427,1
137,8,12,105.25672177126427,1
138,2,11,102.11215953665939,1
138,2,12,102.11215953665939,1
139,12,2,100.08750115815232,1
139,13,2,100.08750115815232,1
139,14,2,100.08750115815232,1
139,11,2,100.08750115761202,1
140,2,11,105.40589550930694,1
140,2,12,105.40589550930694,1
141,3,13,102.89189332473647,1
141,3,13,102.89189332488249,1
141,3,15,102.89189332488249,1
141,3,12,102.8918934593695,1
141,3,13,102.8918934593695,1
143,11,2,96.7148689556073,1
143,12,2,96.7148689556073,1
143,6,11,107.07118194037243,1
143,6,12,107.07118194037243,1
143,6,13,107.07118194037243,1
143,7,15,107.07118194037243,1
143,7,15,107.07118204136134,1
143,7,11,107.07118261372709,1
143,8,12,107.07118261372709,1
143,8,15,107.07118261372709,1
143,8,11,107.07118490319006,1
147,13,3,96.65834622964161,1
147,14,3,96.65834622964161,1
147,15,3,96.65834622964161,1
149,11,13,100.73923640061365,1
149,12,13,100.73923640061365,1
149,13,15,100.73923640061365,1
149,14,15,100.73923640061365,1
150,15,3,99.05774837961351,1
150,11,3,99.05774837948407,1
150,12,3,99.05774837948407,1
150,13,3,99.05774837948407,1
150,14,11,100.7392364004842,1
150,15,11,100.7392364004842,1
150,12,13,100.73923639998041,1
150,14,13,100.73923639998041,1
150,15,14,100.73923639998041,1
150,11,14,100.73923639219737,1
150,13,15,100.73923639219737,1
150,14,15,100.73923639219737,1
151,15,11,100.7392361900967,1
151,12,11,100.73923561377356,1
151,14,13,100.73923561377356,1
151,11,13,100.73923330848098,1
151,12,14,100.73923330848098,1
151,13,14,100.73923330848098,1
151,4,15,100.72673627433156,2
152,2,11,103.10183686086603,1
152,2,13,103.10183686086603,1
152,2,14,103.10183686086603,1
152,2,15,103.10183686086603,1
152,2,11,103.10183686096465,1
152,4,12,100.7173613375077,2
152,4,13,100.7173613375077,1
152,5,13,100.7173613375077,1
152,5,14,100.7173613375077,2
152,11,15,100.64822761531985,1
152,12,15,100.64822761531985,1
153,4,11,100.66082357752884,2
153,4,12,100.66082357752884,1
153,5,12,100.66082357752884,1
153,5,13,100.66082357752884,2
153,13,14,100.6293816953269,1
153,3,14,100.6171605744062,1
153,3,15,100.6171605744062,2
154,4,12,100.62807632518687,1
154,4,13,100.62807632518687,1
154,4,14,100.62807632518687,1
154,5,15,100.62807632518687,1
155,4,11,100.62807632518687,1
155,4,12,100.62807632518687,1
155,4,13,100.62807632518687,1
155,5,14,100.62807632518687,1
155,5,15,100.62807632518687,1
156,4,11,100.62807632518687,1
156,4,12,100.62807632518687,1
156,4,13,100.62807632518687,1
156,5,14,100.62807632518687,1
156,5,15,100.62807632518687,1
157,4,12,100.62807632518687,1
157,4,13,100.62807632518687,1
157,4,14,100.62807632518687,1
157,5,15,100.62807632518687,1
158,4,11,100.62807632518687,1
158,4,13,100.62807632518687,1
158,4,14,100.62807632518687,1
159,2,4,104.87531495042502,3
159,2,5,104.87531495042502,1
159,4,11,100.62807632518687,1
159,4,12,100.62807632518687,1
159,4,14,100.62807632518687,1
159,5,15,100.62807632518687,1
160,4,12,100.62807632518687,1
160,4,13,100.62807632518687,1
160,4,15,100.62807632518687,1
161,1,4,102.77402654247908,3
161,1,5,102.77402654247908,2
161,4,6,90.65009663050566,3
161,5,6,90.65009663050566,2
161,5,7,90.65009663050566,1
161,3,7,90.62826512894434,1
161,9,7,90.52741520259809,1
161,10,7,90.52741520259809,2
161,9,8,90.52741520259809,2
161,10,8,90.52741520259809,2
161,9,8,90.52741520259809,1
162,4,12,100.4549586393916,1
162,4,13,100.4549586393916,1
162,4,14,100.4549586393916,1
162,5,15,100.4549586393916,1
163,4,11,100.4549586393916,1
163,4,12,100.4549586393916,1
163,4,13,100.4549586393916,1
163,5,14,100.4549586393916,1
163,5,15,100.4549586393916,1
164,2,4,105.50044071482688,3
164,4,6,96.56442676703654,1
164,4,7,96.56442676703654,1
164,4,8,96.56442676703654,1
164,5,11,100.4549586393916,1
164,5,13,100.4549586393916,1
165,6,4,103.65242404566037,1
165,7,4,103.65242404566037,1
165,8,4,103.65242404566037,1
165,4,11,100.4549586393916,1
165,4,12,100.4549586393916,1
165,4,13,100.4549586393916,1
166,4,12,100.4549586393916,1
166,4,15,100.4549586393916,1
167,4,6,90.44235540755136,3
167,5,6,90.44235540755136,2
167,5,7,90.44235540755136,1
167,9,7,90.43508577017396,1
167,10,7,90.43508577017396,2
167,9,7,90.43508577017396,1
167,9,8,90.43508577017396,1
167,10,8,90.43508577017396,2
167,9,8,90.43508577017396,2
167,10,11,100.44768900201422,1
167,10,14,100.44768900201422,1
168,4,6,90.98081532784936,3
168,5,6,90.98081532784936,1
168,5,7,90.98081532784936,2
168,9,7,90.97718050916066,2
168,10,8,90.97718050916066,2
168,9,8,90.97718050916066,2
168,10,11,100.44587159266985,1
168,10,13,100.44587159266985,1
168,9,14,100.44587159266985,1
169,2,4,101.9984559446486,2
169,4,12,100.44678029734203,1
169,4,14,100.44678029734203,1
170,4,11,100.44678029734203,1
170,4,14,100.44678029734203,1
171,4,3,98.43453731644522,1
171,5,3,98.43453731644522,1
171,4,12,100.44678029734203,1
171,4,14,100.44678029734203,1
172,3,4,103.8958287711852,1
172,4,12,100.44678029734203,1
172,4,14,100.44678029734203,1
172,4,15,100.44678029734203,1
173,4,12,100.44678029734203,1
173,4,13,100.44678029734203,1
173,4,15,100.44678029734203,1
174,4,11,100.44678029734203,1
174,4,12,100.44678029734203,1
174,4,15,100.44678029734203,1
175,4,11,100.44678029734203,1
175,4,12,100.44678029734203,1
175,4,13,100.44678029734203,1
175,5,14,100.44678029734203,1
175,5,15,100.44678029734203,1
176,3,4,104.37371280639044,3
176,3,5,104.37371280639044,2
176,4,11,100.44678029734203,1
176,4,12,100.44678029734203,1
176,4,15,100.44678029734203,1
177,4,11,100.44678029734203,1
177,4,12,100.44678029734203,1
177,4,14,100.44678029734203,1
177,5,15,100.44678029734203,1
178,5,1,96.95933283719181,1
178,4,11,100.44678029734203,1
178,4,12,100.44678029734203,1
178,4,13,100.44678029734203,1
178,5,14,100.44678029734203,1
179,4,13,100.44678029734203,1
179,4,14,100.44678029734203,1
179,4,15,100.44678029734203,1
180,4,11,100.44678029734203,1
180,4,12,100.44678029734203,1
180,4,13,100.44678029734203,1
180,5,14,100.44678029734203,1
180,5,15,100.44678029734203,1
181,4,11,100.44678029734203,1
181,4,12,100.44678029734203,1
181,4,14,100.44678029734203,1
182,4,12,100.44678029734203,1
182,4,13,100.44678029734203,1
182,4,14,100.44678029734203,1
182,5,15,100.44678029734203,1
183,1,4,104.53527933745357,2
183,4,11,100.44678029734203,1
183,4,12,100.44678029734203,1
183,4,13,100.44678029734203,1
183,5,15,100.44678029734203,1
184,1,4,105.44113024926247,3
184,1,5,105.44113024926247,2
184,4,11,100.44678029734203,1
184,4,13,100.44678029734203,1
184,4,15,100.44678029734203,1
185,4,12,100.44678029734203,1
185,4,14,100.44678029734203,1
186,4,11,100.44678029734203,1
186,4,14,100.44678029734203,1
186,4,15,100.44678029734203,1
187,4,12,100.44678029734203,1
187,4,13,100.44678029734203,1
187,4,14,100.44678029734203,1
187,5,15,100.44678029734203,1
188,4,11,100.44678029734203,1
188,4,12,100.44678029734203,1
188,4,14,100.44678029734203,1
188,5,15,100.44678029734203,1
189,4,11,100.44678029734203,1
189,4,12,100.44678029734203,1
189,4,14,100.44678029734203,1
189,5,15,100.44678029734203,1
190,4,11,100.44678029734203,1
190,4,12,100.44678029734203,1
190,4,13,100.44678029734203,1
191,4,11,100.44678029734203,1
191,4,12,100.44678029734203,1
191,4,13,100.44678029734203,1
191,5,15,100.44678029734203,1
192,4,11,100.44678029734203,1
192,4,14,100.44678029734203,1
193,4,3,99.54929652974809,1
193,5,3,99.54929652974809,3
193,4,12,100.44678029734203,1
193,4,13,100.44678029734203,1
193,4,14,100.44678029734203,1
193,5,15,100.44678029734203,1
194,1,4,100.65723476814384,3
194,1,5,100.65723476814384,1
194,4,11,100.44678029734203,1
194,4,12,100.44678029734203,1
194,4,13,100.44678029734203,1
194,5,14,100.44678029734203,1
194,5,15,100.44678029734203,1
195,6,4,104.63409168410236,2
195,7,4,104.63409168410236,1
195,7,5,104.63409168410236,1
195,8,5,104.63409168410236,2
195,4,12,100.44678029734203,1
195,4,14,100.44678029734203,1
195,4,15,100.44678029734203,1
196,4,11,100.45632169639987,1
196,4,12,100.45632169639987,1
197,4,11,100.45632169639987,1
197,4,12,100.45632169639987,1
197,4,14,100.45632169639987,1
197,5,15,100.45632169639987,1
198,4,12,100.45632169639987,1
198,4,13,100.45632169639987,1
198,4,15,100.45632169639987,1
199,3,4,100.63180385255856,3
199,3,5,100.63180385255856,1
199,11,4,100.62293288919551,2
199,13,4,100.62293288919551,1
199,13,5,100.62293288919551,1
199,15,5,100.62293288919551,2
200,12,4,100.62770358872444,2
200,13,4,100.62770358872444,1
200,13,5,100.62770358872444,1
200,14,5,100.62770358872444,2
200,15,13,100.63088405507705,1
201,11,4,100.6300889384889,2
201,12,4,100.6300889384889,1
201,12,5,100.6300889384889,1
201,15,5,100.6300889384889,2
202,11,4,100.63128161337113,2
202,12,4,100.63128161337113,1
202,12,5,100.63128161337113,1
202,13,5,100.63128161337113,2
202,14,15,100.63207672995928,1
202,14,9,100.65710210976943,1
202,15,9,100.65710210976943,1
202,15,10,100.65710210976943,1
203,11,4,100.65064698566985,1
203,13,4,100.65064698566985,1
203,14,4,100.65064698566985,1
204,12,4,100.65064698566985,1
204,13,4,100.65064698566985,1
205,11,4,100.65064698566985,1
205,14,4,100.65064698566985,1
205,15,4,100.65064698566985,1
206,11,4,100.65064698566985,1
206,12,4,100.65064698566985,1
206,13,4,100.65064698566985,1
206,15,5,100.65064698566985,1
207,2,5,102.22335135091663,2
207,2,10,102.23626159911578,1
207,2,9,102.23626159911578,1
207,11,4,100.65064698566985,1
207,12,4,100.65064698566985,1
207,14,4,100.65064698566985,1
207,15,5,100.65064698566985,1
208,4,1,97.44696487826738,1
208,13,4,100.65064698566985,1
208,14,4,100.65064698566985,1
209,11,4,100.65064698566985,1
209,12,4,100.65064698566985,1
209,13,4,100.65064698566985,1
209,14,5,100.65064698566985,1
209,15,5,100.65064698566985,1
210,11,4,100.65064698566985,1
210,12,4,100.65064698566985,1
210,13,4,100.65064698566985,1
210,14,5,100.65064698566985,1
210,15,5,100.65064698566985,1
211,4,1,99.84228476992553,3
211,11,4,100.65064698566985,1
211,12,4,100.65064698566985,1
211,13,4,100.65064698566985,1
211,14,5,100.65064698566985,1
212,6,4,102.39675881949506,1
212,7,4,102.39675881949506,1
212,8,4,102.39675881949506,1
212,11,5,100.65064698566985,1
212,12,5,100.65064698566985,1
212,13,5,100.65064698566985,1
212,14,9,100.663557233869,1
213,4,2,96.50096097071935,3
213,5,2,96.50096097071935,2
213,11,4,100.6603296718192,1
213,13,4,100.6603296718192,1
213,14,4,100.6603296718192,1
214,11,4,100.6603296718192,1
214,12,4,100.6603296718192,1
214,14,4,100.6603296718192,1
214,15,5,100.6603296718192,1
215,4,6,90.4888672151097,3
215,5,6,90.4888672151097,2
215,5,7,90.4888672151097,1
215,9,7,90.45575768464434,1
215,10,7,90.45575768464434,2
215,9,7,90.45575768464434,1
215,9,8,90.45575768464434,1
215,10,8,90.45575768464434,2
215,9,8,90.45108867776798,2
215,11,4,100.6603296718192,1
215,13,4,100.6603296718192,1
215,14,4,100.6603296718192,1
215,15,5,100.6603296718192,1
216,2,5,103.90677644720881,2
216,2,10,103.91323157130839,2
216,11,4,100.63199576881291,2
216,12,4,100.63199576881291,1
216,12,5,100.63199576881291,1
216,13,5,100.63199576881291,2
216,14,9,100.65734016158335,2
216,15,10,100.65734016158335,2
217,11,4,100.65100406339073,1
217,12,4,100.65100406339073,1
217,14,4,100.65100406339073,1
217,15,5,100.65100406339073,1
218,12,4,100.65100406339073,1
218,14,4,100.65100406339073,1
218,15,4,100.65100406339073,1
219,11,4,100.65100406339073,1
219,12,4,100.65100406339073,1
219,14,4,100.65100406339073,1
219,15,5,100.65100406339073,1
220,11,4,100.65100406339073,1
221,4,6,93.43632345848323,3
221,5,7,93.43632345848323,3
221,10,8,93.40476199342714,2
221,9,8,93.40476199342714,1
221,11,4,100.65100406339073,1
221,12,4,100.65100406339073,1
221,13,4,100.65100406339073,1
221,14,5,100.65100406339073,1
222,9,1,97.88377870038158,1
222,10,1,97.88377870038158,2
222,9,1,97.88377870038158,1
222,11,4,100.62733296459868,2
222,12,4,100.62733296459868,1
222,12,5,100.62733296459868,1
222,13,5,100.62733296459868,2
222,14,9,100.65578589351193,2
222,15,10,100.65578589351193,2
223,11,4,100.64867266128363,1
223,12,4,100.64867266128363,1
223,13,4,100.64867266128363,1
223,15,5,100.64867266128363,1
224,4,6,96.33492078321234,2
224,4,7,96.33492078321234,1
224,5,7,96.33492078321234,1
224,5,8,96.33492078321234,2
224,11,4,100.64867266128363,1
224,12,4,100.64867266128363,1
224,13,4,100.64867266128363,1
225,1,5,101.32531327459353,1
225,9,2,96.98685961097675,1
225,12,4,100.62616726354511,2
225,14,4,100.62616726354511,1
225,14,5,100.62616726354511,1
225,15,5,100.62616726354511,2
226,11,4,100.64808981075686,1
226,12,4,100.64808981075686,1
226,14,4,100.64808981075686,1
227,11,4,100.64808981075686,1
227,14,4,100.64808981075686,1
227,15,4,100.64808981075686,1
228,11,4,100.64808981075686,1
228,12,4,100.64808981075686,1
228,14,4,100.64808981075686,1
228,15,5,100.64808981075686,1
229,6,4,110.60733035557595,3
229,6,5,110.60733035557595,2
229,7,5,110.60733035557595,1
229,7,9,110.62194538705043,2
229,7,10,110.62194538705043,2
229,8,9,110.62194538705043,2
229,8,10,110.62194538705043,2
229,8,9,110.62194538705043,1
229,11,9,100.66270484223134,1
229,12,10,100.66270484223134,1
229,13,10,100.66270484223134,1
229,14,9,100.66270484223134,1
229,15,9,100.66270484223134,1
230,4,1,95.69322984519602,2
230,4,3,97.17003174822791,1
230,5,3,97.17003174822791,2
230,6,4,104.87451190867608,2
230,7,4,104.87451190867608,1
230,7,5,104.87451190867608,1
230,8,5,104.87451190867608,2
230,11,10,100.66635860009995,1
230,12,10,100.66635860009995,1
230,13,9,100.66635860009995,1
230,14,9,100.66635860009995,1
230,15,10,100.66635860009995,1
231,12,4,100.66453172116564,1
231,13,4,100.66453172116564,1
231,14,4,100.66453172116564,1
231,15,5,100.66453172116564,1
233,11,4,100.66453172116564,1
233,12,4,100.66453172116564,1
233,13,4,100.66453172116564,1
233,14,5,100.66453172116564,1
234,11,4,100.66453172116564,1
234,13,4,100.66453172116564,1
234,15,4,100.66453172116564,1
235,4,3,95.97426289931593,3
235,5,3,95.97426289931593,1
235,11,4,100.66453172116564,1
235,12,4,100.66453172116564,1
235,13,4,100.66453172116564,1
235,14,5,100.66453172116564,1
235,15,5,100.66453172116564,1
236,11,4,100.66453172116564,1
236,13,4,100.66453172116564,1
236,14,4,100.66453172116564,1
236,15,5,100.66453172116564,1
237,11,4,100.66453172116564,1
237,12,4,100.66453172116564,1
237,15,4,100.66453172116564,1
238,12,4,100.66453172116564,1
238,14,4,100.66453172116564,1
238,15,4,100.66453172116564,1
239,6,4,105.78276163096035,2
239,7,4,105.78276163096035,1
239,7,5,105.78276163096035,1
239,8,5,105.78276163096035,2
239,11,10,100.66818547903426,1
239,12,9,100.66818547903426,1
239,13,9,100.66818547903426,1
239,14,9,100.66818547903426,1
239,15,10,100.66818547903426,1
240,6,4,106.80477636733285,3
240,7,5,106.80477636733285,3
240,8,10,106.80660324626716,2
240,8,9,106.80660324626716,1
240,13,9,100.66909891850142,1
240,14,9,100.66909891850142,1
240,15,10,100.66909891850142,1
241,11,4,100.66864219876783,1
241,13,4,100.66864219876783,1
241,14,4,100.66864219876783,1
241,15,5,100.66864219876783,1
242,11,4,100.66864219876783,1
242,12,4,100.66864219876783,1
242,15,4,100.66864219876783,1
243,6,4,110.63747385799206,3
243,6,5,110.63747385799206,2
243,7,5,110.63747385799206,1
243,7,10,110.63838729745922,2
243,7,9,110.63838729745922,2
243,8,9,110.63838729745922,1
243,8,10,110.63838729745922,3
243,8,9,110.63838729745922,1
243,11,9,100.66955563823498,1
243,13,9,100.66955563823498,1
243,15,10,100.66955563823498,1
244,11,4,100.6693272783682,1
244,12,4,100.6693272783682,1
244,13,4,100.6693272783682,1
244,15,5,100.6693272783682,1
245,4,6,96.01678153362727,2
245,4,7,96.01678153362727,1
245,5,7,96.01678153362727,1
245,5,8,96.01678153362727,2
245,11,4,100.6693272783682,1
245,12,4,100.6693272783682,1
245,13,4,100.6693272783682,1
245,14,5,100.6693272783682,1
245,15,5,100.6693272783682,1
246,13,4,100.6364945720874,1
246,14,4,100.6364945720874,1
247,6,4,110.59032400552745,3
247,6,5,110.59032400552745,2
247,7,5,110.59032400552745,1
247,7,10,110.6126691961149,2
247,7,9,110.6126691961149,2
247,8,9,110.6126691961149,1
247,8,10,110.6126691961149,3
247,8,9,110.6126691961149,1
247,11,9,100.65883976267484,1
247,12,9,100.65883976267484,1
247,13,10,100.65883976267484,1
247,15,10,100.65883976267484,1
248,1,10,101.46701116659756,1
248,1,9,101.46701116659756,3
248,1,10,101.46701116659756,1
248,11,4,100.653253465028,1
248,12,4,100.653253465028,1
248,13,4,100.653253465028,1
248,14,5,100.653253465028,1
249,4,1,95.60345996932972,2
249,11,4,100.88599802465153,3
249,11,5,100.88599802465153,3
249,13,10,100.89717061994524,2
249,13,9,100.89717061994524,3
249,13,10,100.89717061994524,1
250,3,10,101.03191365946134,2
250,3,9,101.03191365946134,1
250,11,4,100.89437747112181,3
250,11,5,100.89437747112181,3
250,14,9,100.89996376876867,2
250,14,10,100.89996376876867,3
250,14,9,100.89996376876867,1
250,15,9,100.89996376876867,2
250,15,10,100.89996376876867,3
250,15,9,100.89996376876867,1
251,4,1,97.01328088769482,2
251,11,4,100.89856719435696,3
251,11,5,100.89856719435696,3
251,13,9,100.90136034318039,2
251,13,10,100.90136034318039,3
251,13,9,100.90136034318039,1
251,14,9,100.90136034318039,1
251,14,10,100.90136034318039,2
251,14,9,100.90136034318039,2
251,14,10,100.90136034318039,1
251,15,10,100.90136034318039,1
251,15,9,100.90136034318039,2
251,15,10,100.90136034318039,2
251,15,9,100.90136034318039,1
252,6,4,109.9351785354566,3
252,6,5,109.9351785354566,1
252,7,5,109.9351785354566,2
252,7,9,109.93657510986833,1
252,7,10,109.93657510986833,1
252,8,10,109.93657510986833,1
252,8,9,109.93657510986833,2
252,8,10,109.93657510986833,1
252,11,10,100.90205863038625,1
252,11,9,100.90205863038625,2
252,11,10,100.90205863038625,2
252,11,9,100.90205863038625,1
252,12,9,100.90205863038625,1
252,12,10,100.90205863038625,2
252,12,9,100.90842592402419,2
252,12,10,100.90842592402419,1
252,14,10,100.90842592402419,1
252,14,9,100.90842592402419,2
252,14,10,100.90842592402419,2
252,14,3,101.00100652400431,1
253,11,4,101.00400210461274,3
253,11,5,101.00400210461274,2
253,12,5,101.00400210461274,1
253,13,12,101.07289547037155,1
253,14,13,101.07289547037155,1
254,4,6,98.30468787285548,1
254,4,7,98.30468787285548,1
254,4,8,98.30468787285548,1
254,12,4,101.05567212893183,3
254,12,5,101.05567212893183,2
254,13,5,101.05567212893183,1
254,13,14,101.09011881181124,1
254,13,15,101.09011881181124,1
254,13,12,101.09011881220573,1
254,14,13,101.09011881220573,1
254,14,15,101.09011881220573,1
254,14,12,101.09011881378368,1
254,15,14,101.09011881378368,1
254,15,11,101.09011882009548,1
254,15,12,101.09011882009548,1
254,15,14,101.09011882009548,1
255,15,4,101.08150714730458,3
255,15,5,101.08150714730458,2
256,11,4,101.08150714730458,3
256,11,5,101.08150714730458,2
256,13,5,101.08150714730458,1
256,13,15,101.0987304928864,1
256,13,12,101.09873348095127,1
256,14,13,101.09873348095127,1
256,15,14,101.09873348095127,1
257,4,1,96.18004564362425,3
257,5,1,96.18004564362425,1
257,2,15,105.39273436231704,1
257,11,4,101.09442689753959,3
257,11,5,101.09442689753959,2
257,12,5,101.09442689753959,1
258,11,4,101.10089364104604,3
258,11,5,101.10089364104604,2
258,13,5,101.10089364104604,1
258,13,12,101.10520480338366,1
258,13,14,101.10520480338366,1
258,13,11,101.1052414347913,1
258,13,12,101.1052414347913,1
258,15,14,101.1052414347913,1
259,11,4,101.10415448635497,3
259,11,5,101.10415448635497,2
259,12,5,101.10415448635497,1
259,12,15,101.1063283832276,1
259,12,2,101.20610944705206,1
259,12,3,101.24071800339357,2
259,13,3,101.24071800339357,3
260,11,1,101.49982493307814,2
260,12,1,101.49982493307814,1
260,12,4,101.50094043219895,1
260,13,4,101.50094043219895,2
260,14,5,101.50094043219895,2
260,15,5,101.50094043219895,1
260,15,2,101.5569654402256,1
261,3,2,105.63292215987963,2
261,3,1,105.86951524577583,1
261,3,1,105.88348677925684,1
261,4,6,91.26973311244984,3
261,5,6,91.26973311244984,2
261,5,7,91.26973311244984,1
261,13,7,91.24227835799691,2
261,14,7,91.24227835799691,2
261,14,8,91.24227835799691,3
261,15,8,91.24227835799691,2
261,11,4,101.54379581255952,2
261,12,4,101.54379581255952,1
261,12,5,101.54379581255952,1
261,14,5,101.54379581255952,2
262,3,1,104.56406036628866,4
262,6,4,112.01649670502863,3
262,6,5,112.01649670502863,2
262,7,5,112.01649670502863,1
262,7,3,112.25379566940535,3
262,7,1,112.31039181972156,1
262,8,1,112.31039181972156,4
262,8,1,112.32385612833289,1
263,2,1,105.473530439608,2
263,4,11,102.06200999281218,1
263,4,12,102.06200999281218,1
263,4,14,102.06200999281218,1
264,4,12,102.06200999281218,1
264,4,13,102.06200999281218,1
264,4,14,102.06200999281218,1
264,5,15,102.06200999281218,1
265,4,12,102.06200999281218,1
266,4,11,102.06200999281218,1
266,4,12,102.06200999281218,1
266,4,13,102.06200999281218,1
266,5,14,102.06200999281218,1
266,5,15,102.06200999281218,1
267,4,11,102.06200999281218,1
267,4,12,102.06200999281218,1
267,4,13,102.06200999281218,1
267,5,14,102.06200999281218,1
267,5,15,102.06200999281218,1
268,5,1,97.95184571678732,1
268,9,1,97.91327122227133,2
268,2,4,105.86305198731792,3
268,4,12,102.06200999281218,1
268,4,13,102.06200999281218,1
268,4,14,102.06200999281218,1
268,5,15,102.06200999281218,1
269,4,11,102.06200999281218,1
269,4,12,102.06200999281218,1
269,4,13,102.06200999281218,1
270,5,1,98.02927564644952,3
270,2,4,106.45805378646062,3
270,2,5,106.45805378646062,2
270,4,11,102.06200999281218,1
270,4,12,102.06200999281218,1
270,4,13,102.06200999281218,1
270,5,14,102.06200999281218,1
271,4,11,102.06200999281218,1
271,4,12,102.06200999281218,1
271,4,13,102.06200999281218,1
271,5,14,102.06200999281218,1
271,5,15,102.06200999281218,1
272,4,11,102.06200999281218,1
272,4,12,102.06200999281218,1
272,4,14,102.06200999281218,1
272,5,15,102.06200999281218,1
273,4,12,102.06200999281218,1
273,4,13,102.06200999281218,1
273,4,14,102.06200999281218,1
274,4,11,102.06200999281218,1
274,4,15,102.06200999281218,1
275,1,4,105.23870064865137,1
275,2,4,107.15047593461443,1
275,4,11,102.06200999281218,1
275,4,13,102.06200999281218,1
275,4,15,102.06200999281218,1
276,4,12,102.06200999281218,1
276,4,13,102.06200999281218,1
277,4,2,101.31595052892293,1
277,5,2,101.31595052892293,2
277,4,11,102.06200999281218,1
277,4,12,102.06200999281218,1
277,4,13,102.06200999281218,1
277,5,14,102.06200999281218,1
278,3,4,103.65642551175338,2
278,4,13,102.06200999281218,1
278,4,14,102.06200999281218,1
278,4,15,102.06200999281218,1
279,3,4,102.27305556216939,3
279,6,4,112.3763879351426,3
279,6,5,112.3763879351426,2
279,7,5,112.3763879351426,1
279,7,11,112.5393934187589,4
279,8,11,112.5393934187589,5
279,4,12,102.06200999281218,1
279,4,13,102.06200999281218,1
279,4,14,102.06200999281218,1
280,5,2,100.25602908207372,3
280,4,11,102.1842641055244,2
280,4,13,102.1842641055244,1
280,5,13,102.1842641055244,1
280,5,14,102.1842641055244,2
281,1,4,102.38568965758142,3
281,4,11,102.15527210758108,2
281,4,12,102.15527210758108,1
281,5,12,102.15527210758108,1
282,4,11,102.15527210758108,2
282,4,12,102.15527210758108,1
282,5,12,102.15527210758108,1
282,5,13,102.15527210758108,2
282,9,14,102.13594410895219,2
282,9,15,102.13594410895219,1
282,10,15,102.13594410895219,1
283,4,11,102.1407761086094,2
283,4,13,102.1407761086094,1
283,5,13,102.1407761086094,1
283,5,14,102.1407761086094,2
283,10,15,102.13111210929496,2
284,4,11,102.11904660615089,1
284,4,12,102.11904660615089,1
284,4,13,102.11904660615089,1
284,5,14,102.11904660615089,1
284,5,15,102.11904660615089,1
285,4,6,91.99003406475948,3
285,5,6,91.99003406475948,2
285,5,7,91.99003406475948,1
285,9,7,91.97554772978714,3
285,10,7,91.97554772978714,1
285,10,8,91.97554772978714,2
285,9,8,91.97554772978714,3
285,9,11,102.10456027117854,1
285,10,12,102.10456027117854,1
285,10,15,102.10456027117854,1
286,4,11,102.10818185492161,1
286,4,15,102.10818185492161,1
287,4,1,101.02252671794358,1
287,5,1,101.02252671794358,3
287,10,3,97.1720371376982,1
287,4,11,102.10818185492161,1
287,4,12,102.10818185492161,1
287,4,14,102.10818185492161,1
288,6,4,112.44410666623644,3
288,6,5,112.44410666623644,2
288,7,5,112.44410666623644,1
288,7,11,112.57633090844645,4
288,8,11,112.57633090844645,5
288,4,11,102.10818185492161,1
288,4,12,102.10818185492161,1
288,4,13,102.10818185492161,1
288,5,14,102.10818185492161,1
289,4,13,102.20735003657913,2
289,4,14,102.20735003657913,1
289,5,14,102.20735003657913,1
289,5,15,102.20735003657913,2
290,9,1,99.0898380678315,3
290,10,1,99.0898380678315,1
290,4,12,102.17834649567027,2
291,4,6,100.69959594838777,1
291,4,7,100.69959594838777,1
291,4,8,100.69959594838777,1
291,5,11,102.17834649567027,2
291,5,12,102.17834649567027,1
291,10,12,102.15901080173103,1
291,10,13,102.15901080173103,1
291,9,13,102.13969444348572,1
291,9,15,102.13969444348572,2
292,4,6,95.21575814847296,3
292,5,7,95.21575814847296,3
292,10,8,95.19643212238068,3
292,9,11,102.13003143043959,2
292,9,12,102.13003143043959,1
292,10,12,102.13003143043959,1
292,10,13,102.13003143043959,2
292,10,15,102.1146638879722,1
292,9,15,102.1107247303734,1
293,2,4,104.3698776335505,3
293,2,5,104.3698776335505,2
293,4,11,102.12038291191301,1
293,4,15,102.12038291191301,1
294,6,4,106.20986255444879,1
294,7,4,106.20986255444879,1
294,8,4,106.20986255444879,1
294,4,11,102.12038291191301,1
294,4,12,102.12038291191301,1
294,4,14,102.12038291191301,1
295,4,11,102.12038291191301,1
295,4,12,102.12038291191301,1
295,4,13,102.12038291191301,1
295,5,14,102.12038291191301,1
295,5,15,102.12038291191301,1
296,4,11,102.12038291191301,1
296,4,12,102.12038291191301,1
296,4,13,102.12038291191301,1
296,5,14,102.12038291191301,1
296,5,15,102.12038291191301,1
297,4,11,102.12038291191301,1
297,4,12,102.12038291191301,1
297,4,13,102.12038291191301,1
297,5,15,102.12038291191301,1
298,4,12,102.12038291191301,1
298,4,13,102.12038291191301,1
299,4,11,102.05988234175317,3
299,5,14,102.05988234175317,3
299,9,15,102.04056597867394,2
299,10,15,102.04056597867394,1
300,4,11,102.04539506944374,2
300,4,12,102.04539506944374,1
300,5,12,102.04539506944374,1
300,5,13,102.04539506944374,2
300,10,14,102.03573688790414,2
300,9,15,102.03002171018778,2
301,4,12,102.03386505000178,2
301,4,13,102.03386505000178,1
301,5,13,102.03386505000178,1
301,5,14,102.03386505000178,2
301,9,15,102.0261783703738,2
302,4,12,102.02810004028079,2
302,4,13,102.02810004028079,1
302,5,13,102.02810004028079,1
302,5,14,102.02810004028079,2
302,10,15,102.0242567004668,2
303,10,1,97.6056814986479,2
303,2,4,105.34717460756627,1
303,4,11,102.02521753542031,2
303,4,12,102.02521753542031,1
303,5,12,102.02521753542031,1
303,5,14,102.02521753542031,2
304,9,1,99.19368874160872,3
304,10,1,99.19368874160872,2
304,4,11,102.01358988124021,2
304,4,12,102.01358988124021,1
304,5,12,102.01358988124021,1
304,5,13,102.01358988124021,2
304,10,14,102.0058381117868,1
304,9,14,102.0058381117868,1
305,4,11,102.00777605415016,2
305,4,12,102.00777605415016,1
305,5,12,102.00777605415016,1
305,5,13,102.00777605415016,2
305,9,14,102.00390016942346,2
305,10,15,102.00390016942346,2
306,4,6,91.92562179029639,3
306,5,6,91.92562179029639,2
306,5,7,91.92562179029639,1
306,10,7,91.92368384793303,1
306,9,7,91.92368384793303,3
306,10,8,91.92368384793303,3
306,9,8,91.92368384793303,2
306,9,11,102.00293119824178,1
306,10,11,102.00293119824178,1
306,10,13,102.00293119824178,2
306,9,15,102.00293119824178,2
307,4,11,102.00341568383263,2
307,4,12,102.00341568383263,1
307,5,12,102.00341568383263,1
307,5,13,102.00341568383263,2
307,9,15,102.00244671265095,1
307,10,15,102.00244671265095,1
308,4,11,102.00268895544636,2
308,4,14,102.00268895544636,1
308,5,14,102.00268895544636,1
308,5,15,102.00268895544636,2
309,4,11,102.00232559125324,2
309,4,14,102.00232559125324,1
309,5,14,102.00232559125324,1
309,5,15,102.00232559125324,2
310,4,11,102.00214390915667,2
310,4,12,102.00214390915667,1
310,5,12,102.00214390915667,1
310,5,13,102.00214390915667,2
310,10,14,102.00202278775896,2
310,9,15,102.00202278775896,2
311,4,6,91.92224250330031,3
311,5,6,91.92224250330031,2
311,5,7,91.92224250330031,1
311,9,7,91.92218194260144,1
311,10,7,91.92218194260144,3
311,9,8,91.92218194260144,3
311,10,8,91.92218194260144,2
311,10,11,102.00199250740954,1
311,9,11,102.00110252777196,1
311,9,12,102.00110252777196,2
311,9,15,102.00110252777196,1
311,10,15,102.00110252777196,1
312,10,1,100.55419615373893,1
312,2,4,102.69225092940923,2
312,4,11,102.00134016285607,2
312,4,12,102.00134016285607,1
312,5,12,102.00134016285607,1
312,5,13,102.00134016285607,2
312,10,14,102.00086489268784,2
313,4,11,102.0009837102299,2
313,4,12,102.0009837102299,1
313,5,12,102.0009837102299,1
314,4,12,102.0009837102299,2
314,4,13,102.0009837102299,1
314,5,13,102.0009837102299,1
314,5,15,102.0009837102299,2
315,4,11,102.00080548391682,2
315,4,12,102.00080548391682,1
315,5,12,102.00080548391682,1
315,5,13,102.00080548391682,2
315,9,14,102.00068666637478,2
315,9,15,102.00068666637478,2
316,10,2,102.00393250673568,3
316,4,13,102.00071637076027,2
316,4,15,102.00071637076027,1
316,5,15,102.00071637076027,1
317,4,13,102.00071637076027,2
317,4,14,102.00071637076027,1
317,5,14,102.00071637076027,1
317,5,15,102.00071637076027,2
318,10,1,97.4561275877286,1
318,9,1,97.44889166340991,3
318,6,4,110.47477089890674,3
318,6,5,110.47477089890674,1
318,7,5,110.47477089890674,2
318,7,14,110.63833478816994,2
318,8,14,110.63833478816994,4
318,4,11,102.00067181418201,2
318,4,13,102.00067181418201,1
318,5,13,102.00067181418201,1
319,2,14,106.33049417047823,2
319,4,12,102.12334473112941,3
319,5,13,102.12334473112941,3
319,9,15,102.0342971577936,1
319,10,15,102.0342971577936,2
320,6,4,112.45712739023958,3
320,6,5,112.45712739023958,2
320,7,5,112.45712739023958,1
320,7,14,112.58343312153907,4
320,8,14,112.58343312153907,5
320,4,11,102.05655905112755,3
320,5,12,102.05655905112755,3
320,10,13,102.01203526445966,2
320,9,13,102.01203526445966,1
320,9,15,102.01203526445966,3
321,4,11,102.11789550960125,3
321,5,12,102.11789550960125,3
321,10,13,102.03248075061755,3
321,10,14,102.03248075061755,1
321,9,14,102.03248075061755,2
321,9,15,102.03248075061755,1
321,10,15,102.03248075061755,2
322,4,11,102.05383444036347,3
322,5,13,102.05383444036347,3
322,10,15,102.01112706087163,1
322,9,15,102.00960444146983,2
323,4,12,102.02066194119323,2
323,4,13,102.02066194119323,1
323,5,13,102.02066194119323,1
323,5,14,102.02066194119323,2
323,10,15,101.99854694174641,2
324,3,4,104.29116445767636,1
324,4,11,101.99831644689685,2
324,4,12,101.99831644689685,1
324,5,12,101.99831644689685,1
324,5,13,101.99831644689685,2
324,9,14,101.98341945069927,2
324,10,15,101.98341945069927,2
325,4,11,101.98426407739302,2
325,4,13,101.98426407739302,1
325,5,13,101.98426407739302,1
325,5,14,101.98426407739302,2
325,9,15,101.97489583105715,2
326,6,4,112.34078969112615,3
326,6,5,112.34078969112615,2
326,7,5,112.34078969112615,1
326,7,14,112.51997619474993,4
326,8,14,112.51997619474993,3
326,8,15,112.51997619474993,2
326,4,11,101.97723789264111,2
326,4,12,101.97723789264111,1
326,5,12,101.97723789264111,1
326,5,13,101.97723789264111,2
327,3,15,103.9739258113804,2
327,4,6,99.65472129049834,1
327,4,7,99.65472129049834,1
327,4,8,99.65472129049834,1
327,5,14,102.108114677983,3
328,4,11,102.0391631929361,2
329,4,12,102.0391631929361,2
329,4,13,102.0391631929361,1
329,5,13,102.0391631929361,1
329,5,15,102.0391631929361,2
330,4,12,102.00468745041265,2
330,4,14,102.00468745041265,1
330,5,14,102.00468745041265,1
330,5,15,102.00468745041265,2
331,10,2,98.22553805391794,2
331,4,11,101.98744957915092,2
331,4,13,101.98744957915092,1
331,5,13,101.98744957915092,1
331,5,14,101.98744957915092,2
331,9,15,101.97403791673935,2
332,3,4,105.14618733116889,3
332,3,5,105.14618733116889,2
332,4,12,101.97739083234225,2
332,4,13,101.97739083234225,1
332,5,13,101.97739083234225,1
332,5,14,101.97739083234225,2
332,10,15,101.97068500113647,2
333,4,13,101.96051925661033,2
333,4,15,101.96051925661033,1
333,5,15,101.96051925661033,1
334,4,11,101.96051925661033,2
334,4,12,101.96051925661033,1
334,5,12,101.96051925661033,1
334,5,13,101.96051925661033,2
334,10,14,101.9492715394557,2
335,9,3,98.37531627493013,2
335,10,3,98.37531627493013,1
335,4,6,91.86227898406345,3
335,5,6,91.86227898406345,2
335,5,7,91.86227898406345,1
335,10,7,91.85665512548614,1
335,9,7,91.85665512548614,2
335,10,7,91.85665512548614,1
335,10,8,91.85665512548614,1
335,9,8,91.85665512548614,2
335,10,8,91.85665512548614,2
335,9,11,101.94645961016704,2
335,9,12,101.94645961016704,1
335,10,12,101.94645961016704,1
335,10,14,101.94645961016704,2
336,6,4,112.29771029164252,3
336,6,5,112.29771029164252,2
336,7,5,112.29771029164252,1
336,7,15,112.49647834048614,4
336,8,15,112.49647834048614,5
336,4,12,101.94786557481136,2
336,4,13,101.94786557481136,1
336,5,13,101.94786557481136,1
336,5,15,101.94786557481136,2
337,2,15,105.6597955336298,2
337,4,11,102.0948326644776,3
337,5,12,102.0948326644776,3
337,9,14,101.99404267541145,3
338,4,14,102.01924017267798,2
338,4,15,102.01924017267798,1
338,5,15,102.01924017267798,1
339,6,4,111.57801558145448,3
339,6,5,111.57801558145448,1
339,7,5,111.57801558145448,2
339,7,15,111.72920056505369,2
339,8,15,111.72920056505369,4
339,4,11,102.01924017267798,2
339,4,12,102.01924017267798,1
339,5,12,102.01924017267798,1
339,5,13,102.01924017267798,2
339,10,14,101.96884517814492,2
339,10,15,101.96884517814492,1
339,9,15,101.96884517814492,1
340,3,15,106.42394090110696,1
340,4,11,102.0948326644776,3
340,5,12,102.0948326644776,3
340,9,14,101.99404267541145,2
340,10,14,101.99404267541145,1
340,10,15,101.99404267541145,2
340,9,15,101.99404267541145,1
341,4,11,102.01924017267798,2
341,4,12,102.01924017267798,1
341,5,12,102.01924017267798,1
341,5,13,102.01924017267798,2
341,9,14,101.96884517814492,2
341,10,15,101.96884517814492,2
342,4,11,101.98144392677818,2
342,4,12,101.98144392677818,1
342,5,12,101.98144392677818,1
343,4,11,101.98144392677818,2
343,4,13,101.98144392677818,1
343,5,13,101.98144392677818,1
344,2,4,105.19508948391444,2
344,5,3,99.57100271581191,2
344,10,3,99.54580521854538,1
344,4,11,101.98144392677818,2
344,4,12,101.98144392677818,1
344,5,12,101.98144392677818,1
344,5,13,101.98144392677818,2
344,9,14,101.95624642951165,2
344,9,15,101.95624642951165,1
344,10,15,101.95624642951165,1
345,1,4,107.01465381118707,3
345,4,12,101.96254580382828,2
345,4,13,101.96254580382828,1
345,5,13,101.96254580382828,1
345,5,14,101.96254580382828,2
345,10,15,101.94994705519501,2
346,4,12,101.95309674235332,2
346,4,13,101.95309674235332,1
346,5,13,101.95309674235332,1
346,5,14,101.95309674235332,2
346,9,15,101.9467973680367,2
347,4,11,101.94837221161585,2
347,4,14,101.94837221161585,1
347,5,14,101.94837221161585,1
347,5,15,101.94837221161585,2
348,4,12,101.94600994624712,2
348,4,14,101.94600994624712,1
348,5,14,101.94600994624712,1
349,4,11,101.77601568398592,3
349,5,11,101.77601568398592,2
349,5,14,101.77601568398592,1
349,9,14,101.77444084040675,1
349,10,14,101.77444084040675,3
350,9,3,97.75503660282556,3
350,10,3,97.75503660282556,2
350,4,6,91.85357339784554,3
350,5,6,91.85357339784554,2
350,5,7,91.85357339784554,1
350,10,7,91.85278597605596,1
350,9,7,91.85278597605596,3
350,10,8,91.85278597605596,3
350,9,8,91.85278597605596,2
350,9,11,101.77404712951196,1
350,10,11,101.77404712951196,3
350,9,11,101.77404712951196,1
350,9,12,101.77404712951196,2
350,10,12,101.77404712951196,3
350,11,13,101.66884912350275,1
350,12,13,101.66884912350275,1
350,14,13,101.66884912350275,1
350,15,13,101.66884912350275,1
350,15,13,101.56957119147475,1
351,15,2,99.65533384577523,1
351,1,2,99.54935092968083,1
351,15,2,99.5087867370404,2
351,4,12,101.62088703143144,3
351,5,12,101.62088703143144,1
351,5,14,101.62088703143144,2
352,1,14,105.26190079970533,2
352,15,3,98.17557398140482,1
352,6,4,111.52137906706152,3
352,6,5,111.52137906706152,2
352,7,5,111.52137906706152,1
352,7,15,112.07302494526013,2
352,7,3,112.09594832434959,2
352,8,3,112.09594832434959,1
352,8,3,112.20758586907115,3
352,8,1,112.30620447363606,1
352,4,11,101.24855456851766,2
352,4,12,101.24855456851766,1
352,5,12,101.24855456851766,1
352,5,14,101.24855456851766,2
353,4,6,99.45466686441877,1
353,4,7,99.45466686441877,1
353,4,8,99.45466686441877,1
353,5,11,101.01211852714695,1
353,5,12,101.01211852714695,1
353,5,13,101.01211852714695,1
354,1,11,100.95794517038446,1
354,1,12,100.95794517038446,1
358,3,13,105.37544225303402,1
358,6,14,101.24229503917172,1
358,7,15,101.24229503917172,1
358,8,11,101.24691478736443,1
359,2,12,104.84399605692474,1
359,2,14,104.84399605692474,1
359,2,15,104.84399605692474,1
359,2,4,104.85014390315976,1
361,11,1,96.63286063812208,1
361,13,1,96.63286063812208,1
361,14,1,96.63286063812208,1
361,15,1,96.63286063812208,1
361,11,3,100.28273794964743,1
361,12,3,100.28273794964743,1
363,12,1,99.33420340493868,1
365,11,3,99.22954172755107,1
367,12,6,97.42747319910161,1
367,13,7,97.42747319910161,1
367,12,8,97.4274558320839,1
369,6,11,105.97232459626767,1
369,6,12,105.97232459626767,1
369,7,13,105.97232459626767,1
369,7,15,105.97232459626767,1
369,8,11,105.9723266024465,1
369,8,12,105.9723266024465,1
371,11,3,98.13311591211051,1
373,12,1,97.45537108862541,1
376,6,11,101.06222616905453,1
376,7,12,101.06222616905453,1
376,8,13,101.06222616905453,1
377,6,15,103.8347646339648,1
377,7,11,103.83476463891007,1
377,8,12,103.83476463891007,1
380,3,11,102.21478542660682,1
380,3,12,102.21478542660682,1
380,11,6,94.37605786568221,1
380,12,6,94.37605786568221,1
380,13,6,94.37605786568221,1
380,14,7,94.37605786568221,1
380,15,7,94.37605786568221,1
380,11,7,94.37605786490647,1
380,12,8,94.37605786490647,1
380,13,8,94.37605786490647,1
380,14,8,94.37605786490647,1
381,13,6,99.33720035951305,1
381,14,7,99.33720035951305,1
381,15,8,99.33720035951305,1
382,12,1,100.18546944191095,1
382,14,1,100.18546944191095,1
382,15,1,100.18546944191095,1
382,13,1,100.18546940173786,1
383,6,11,111.02200290019596,1
383,6,12,111.02200290019596,1
383,6,13,111.02200290019596,1
383,6,14,111.02200290019596,1
383,6,15,111.02200290019596,1
383,7,13,111.02200290044443,1
383,7,14,111.02200290044443,1
383,7,15,111.02200290044443,1
383,7,11,111.02200290143833,1
383,7,12,111.02200290143833,1
383,8,13,111.02200290143833,1
383,8,14,111.02200290143833,1
383,8,14,111.02200290541394,1
383,8,11,111.02200292519507,1
383,8,12,111.02200292519507,1
385,11,1,100.75656120816146,1
385,12,1,100.75656120816146,1
387,14,2,98.09508641148236,1
387,15,2,98.09508641148236,1
387,12,2,98.0950864112927,1
387,13,2,98.0950864112927,1
387,14,2,98.0950864112927,1
390,11,3,97.97850073744122,1
391,11,1,100.70774767348792,1
391,12,1,100.70774767348792,1
391,13,1,100.70774767348792,1
391,14,1,100.70774767348792,1
392,11,3,98.92941412021796,1
392,12,3,98.92941412021796,1
392,14,3,98.92941412021796,1
392,6,11,104.61338964346277,1
392,7,12,104.61338964346277,1
392,8,13,104.61338964346277,1
393,11,6,97.53396710722754,1
393,13,7,97.53396710722754,1
393,15,8,97.533967106624,1
394,1,11,101.36835447791285,1
394,1,12,101.36835447791285,1
395,11,6,90.83618419032456,1
395,12,6,90.83618419032456,1
395,13,6,90.83618419032456,1
395,15,6,90.83618419032456,1
395,14,6,90.83618418839077,1
395,15,7,90.83618418839077,1
395,11,7,90.83618418066553,1
395,12,7,90.83618418066553,1
395,13,7,90.83618418066553,1
395,14,7,90.83618418066553,1
395,15,8,90.83618418066553,1
395,15,8,90.83618414976453,1
395,11,8,90.83618356587064,1
395,13,8,90.83618356587064,1
395,14,8,90.83618356587064,1
398,11,1,96.68794825650704,1
398,12,1,96.68794825650704,1
399,13,11,100.3976822228537,1
399,14,11,100.3976822228537,1
399,12,11,100.39768222273284,1
399,14,11,100.39768222273284,1
399,15,11,100.39768222273284,1
399,15,11,100.39765988902334,1
399,14,11,100.39756068746496,1
399,14,11,100.39716388123148,1
399,15,11,100.39716388123148,1
399,13,11,100.39557665629755,1
399,14,13,100.39557665629755,1
399,4,13,100.38518222286004,3
399,5,13,100.38518222286004,3
399,10,13,100.16139425438934,2
399,9,13,100.15494558541386,1
399,9,14,100.15494558541386,1
399,10,14,100.15494558541386,2
399,9,14,100.15494558541386,2
399,10,14,100.15494558541386,2
399,13,14,100.15347954000764,1
399,9,14,100.14929107281634,2
399,10,15,100.14929107281634,2
399,2,15,100.05320420554443,1
399,2,15,99.96879965262971,3
399,11,15,99.93313470072849,1
399,13,15,99.93313470072849,1
399,14,15,99.93313470072849,1
399,12,15,99.93313241192263,1
400,4,11,100.03676986466175,3
400,5,11,100.03676986466175,3
400,14,11,99.81699495918986,1
400,15,11,99.81699495918986,1
400,11,12,99.81698580396645,1
400,14,12,99.81698580396645,1
400,15,12,99.81698580396645,1
400,11,12,99.81694918307281,1
400,13,12,99.81694918307281,1
400,14,12,99.81694918307281,1
400,11,12,99.81680269949823,1
400,14,12,99.81680269949823,1
400,15,13,99.81680269949823,1
400,15,13,99.81621676519985,1
400,11,13,99.81387302800641,1
400,14,13,99.81387302800641,1
400,15,13,99.81387302800641,1
401,2,13,101.44961710504327,3
401,2,4,101.87739097516365,2
401,2,3,97.93873061550691,2
401,4,6,90.43313578449201,3
401,5,6,90.43313578449201,1
401,5,7,90.43313578449201,2
401,2,7,90.37446503901404,2
401,1,8,90.27808671208055,1
401,2,8,90.25739227621804,3
402,2,3,96.27680550093731,2
402,1,3,96.0684639071966,2
402,1,3,95.88608820255104,1
402,4,11,99.03688163831785,1
402,4,12,99.03688163831785,1
402,4,13,99.03688163831785,1
402,5,14,99.03688163831785,1
403,4,11,99.03357861805013,1
403,4,12,99.03357861805013,1
403,4,14,99.03357861805013,1
403,5,15,99.03357861805013,1
404,4,11,99.03192710791627,1
404,4,12,99.03192710791627,1
404,4,13,99.03192710791627,1
405,4,13,99.03110135284935,1
405,4,14,99.03110135284935,1
405,4,15,99.03110135284935,1
406,4,11,99.03068847531588,1
406,4,12,99.03068847531588,1
406,4,13,99.03068847531588,1
406,5,14,99.03068847531588,1
407,4,13,99.03048203654916,1
407,4,14,99.03048203654916,1
407,4,15,99.03048203654916,1
408,5,1,94.3076396043003,2
408,3,11,101.22973813114697,3
408,3,12,101.22973813114697,1
408,4,12,99.03037881716577,1
408,4,13,99.03037881716577,1
408,4,15,99.03037881716577,1
409,3,12,99.17218586897252,2
409,3,13,99.17218586897252,1
409,4,12,99.03032720747409,1
409,4,13,99.03032720747409,1
410,4,11,99.03030140262825,1
410,4,12,99.03030140262825,1
410,4,13,99.03030140262825,1
411,2,13,100.47252543458316,1
411,4,6,96.22836604839995,1
411,4,7,96.22836604839995,1
411,4,8,96.22836604839995,1
411,5,11,99.03028850020533,1
411,5,12,99.03028850020533,1
411,5,13,99.03028850020533,1
412,1,3,94.2976214658016,2
412,1,3,94.21550463205408,2
412,11,4,98.69964005426343,1
412,12,4,98.69964005426343,1
412,13,4,98.69964005426343,1
412,14,5,98.69964005426343,1
412,15,5,98.69964005426343,1
413,11,4,98.69964005426343,1
413,12,4,98.69964005426343,1
413,13,4,98.69964005426343,1
413,14,5,98.69964005426343,1
413,15,5,98.69964005426343,1
414,12,4,98.69964005426343,1
415,11,4,98.69964005426343,1
415,12,4,98.69964005426343,1
415,14,4,98.69964005426343,1
415,15,5,98.69964005426343,1
416,11,4,98.69964005426343,1
416,13,4,98.69964005426343,1
416,14,4,98.69964005426343,1
416,15,5,98.69964005426343,1
417,4,3,94.83563415668097,2
417,11,4,98.69964005426343,1
417,12,4,98.69964005426343,1
417,13,4,98.69964005426343,1
418,4,3,96.61427942181956,1
418,12,4,98.69964005426343,1
418,13,4,98.69964005426343,1
418,14,4,98.69964005426343,1
418,15,5,98.69964005426343,1
419,4,6,88.77103358882593,3
419,5,6,88.77103358882593,2
419,5,7,88.77103358882593,1
419,2,7,88.53840139985351,3
419,3,7,88.52736634112327,1
419,3,8,88.52736634112327,4
419,1,8,88.49205105155409,1
419,11,4,98.69964005426343,1
419,13,4,98.69964005426343,1
419,14,4,98.69964005426343,1
419,15,5,98.69964005426343,1
420,11,4,98.49040315130955,2
420,14,4,98.49040315130955,1
420,14,5,98.49040315130955,1
420,15,5,98.49040315130955,2
421,2,9,102.41521246310452,3
421,2,10,102.41521246310452,1
421,11,4,98.51791667185341,1
421,15,4,98.51791667185341,1
422,11,4,98.51791667185341,1
422,12,4,98.51791667185341,1
422,14,4,98.51791667185341,1
422,15,5,98.51791667185341,1
423,12,4,98.51791667185341,1
423,14,4,98.51791667185341,1
423,15,4,98.51791667185341,1
424,11,4,98.51791667185341,1
424,12,4,98.51791667185341,1
424,13,4,98.51791667185341,1
424,14,5,98.51791667185341,1
424,15,5,98.51791667185341,1
425,13,4,98.51791667185341,1
425,14,4,98.51791667185341,1
425,15,4,98.51791667185341,1
426,4,1,93.62972099940256,3
426,5,1,93.62972099940256,1
426,11,4,98.51791667185341,1
426,12,4,98.51791667185341,1
426,14,4,98.51791667185341,1
426,15,5,98.51791667185341,1
427,6,4,108.22272694602792,3
427,6,5,108.22272694602792,1
427,7,5,108.22272694602792,2
427,7,10,108.24106929305717,2
427,8,9,108.25942998243343,3
427,8,10,108.25942998243343,1
427,11,10,98.55461970825894,1
427,12,10,98.55461970825894,1
427,13,9,98.55461970825894,1
427,14,9,98.55461970825894,1
428,11,4,98.54544394915754,1
428,12,4,98.54544394915754,1
428,13,4,98.54544394915754,1
428,14,5,98.54544394915754,1
429,6,4,108.29955343218752,3
429,6,5,108.29955343218752,2
429,7,5,108.29955343218752,1
429,7,9,108.31790495039027,1
429,7,10,108.31790495039027,3
429,8,9,108.31790495039027,3
429,8,10,108.31790495039027,2
429,15,10,98.56379546736031,1
430,1,9,98.87092335893703,1
430,11,4,98.55920758780962,1
430,12,4,98.55920758780962,1
430,13,4,98.55920758780962,1
430,14,5,98.55920758780962,1
430,15,5,98.55920758780962,1
431,4,6,89.45751811805917,3
431,5,6,89.45751811805917,1
431,5,7,89.45751811805917,2
431,1,7,89.27215722508987,2
431,1,8,89.27215722508987,1
431,3,8,89.26742140262087,3
431,11,4,98.55920758780962,1
431,12,4,98.55920758780962,1
431,13,4,98.55920758780962,1
431,15,5,98.55920758780962,1
432,11,4,98.41663505123088,2
432,13,4,98.41663505123088,1
432,13,5,98.41663505123088,1
432,14,5,98.41663505123088,2
432,15,9,98.453270566556,2
433,4,6,89.13628255739836,3
433,5,6,89.13628255739836,1
433,5,7,89.13628255739836,2
433,3,7,89.02291644201665,2
433,2,8,88.998337715881,3
433,1,8,88.97196079308603,1
433,11,4,98.44411168772473,2
433,12,4,98.44411168772473,1
433,12,5,98.44411168772473,1
433,13,5,98.44411168772473,2
434,11,4,98.27969681130566,3
434,13,5,98.27969681130566,3
434,14,9,98.3162410344708,3
434,15,10,98.3162410344708,3
435,11,4,98.3756425677621,2
435,12,4,98.3756425677621,1
435,12,5,98.3756425677621,1
435,13,5,98.3756425677621,2
435,14,9,98.4122507547649,2
436,11,4,98.4030987080142,2
436,12,4,98.4030987080142,1
436,12,5,98.4030987080142,1
436,13,5,98.4030987080142,2
436,14,9,98.4214028015156,1
436,14,10,98.4214028015156,1
436,15,10,98.4214028015156,2
437,12,4,98.43056857633641,2
437,14,4,98.43056857633641,1
437,14,5,98.43056857633641,1
438,1,5,98.46525272785951,2
438,11,4,98.43056857633641,2
438,12,4,98.43056857633641,1
438,12,5,98.43056857633641,1
438,13,5,98.43056857633641,2
438,15,9,98.44888182188456,2
439,4,6,88.46462973630685,3
439,5,6,88.46462973630685,2
439,5,7,88.46462973630685,1
439,1,7,88.22696426157033,4
439,3,8,88.20804141534893,3
439,1,8,88.16084865812084,2
439,12,4,98.44430351049752,2
439,14,4,98.44430351049752,1
439,14,5,98.44430351049752,1
440,6,4,101.11087531018418,1
440,7,4,101.11087531018418,1
440,8,4,101.11087531018418,1
440,11,5,98.21506460804662,3
440,11,9,98.25156574307627,1
440,12,9,98.25156574307627,2
440,12,10,98.25156574307627,2
440,14,10,98.25156574307627,1
440,14,9,98.37704716578796,1
440,14,10,98.37704716578796,2
440,15,10,98.37704716578796,1
440,15,9,98.3860804188279,1
440,15,10,98.3860804188279,2
441,11,4,98.34332646613258,3
441,12,5,98.34332646613258,3
441,13,9,98.37991310906762,3
441,14,10,98.37991310906762,3
441,15,10,98.42883437152322,1
441,15,9,98.43813267727697,2
442,2,9,102.89874889590381,1
442,2,10,102.89874889590381,3
442,11,3,98.41097672008391,2
442,13,4,98.41443112449087,2
442,14,4,98.41443112449087,1
442,14,5,98.41443112449087,1
442,15,5,98.41443112449087,2
443,4,6,88.46175351453542,3
443,5,6,88.46175351453542,2
443,5,7,88.46175351453542,1
443,1,7,88.157699545585,1
443,1,7,88.12084643751473,3
443,2,8,88.09078983696733,4
443,2,8,87.97949248320072,1
443,11,4,98.44190665902133,2
443,13,4,98.44190665902133,1
443,13,5,98.44190665902133,1
443,14,5,98.44190665902133,2
443,15,9,98.46022368204164,2
444,2,10,101.63842357575189,2
444,2,9,101.64919263528347,1
444,11,4,98.09394865278554,3
444,11,5,98.09394865278554,1
444,12,5,98.09394865278554,2
444,12,9,98.13036904384502,2
444,13,10,98.13036904384502,2
445,11,4,98.47961711819613,2
445,12,4,98.47961711819613,1
445,12,5,98.47961711819613,1
445,14,5,98.47961711819613,2
445,15,9,98.48356289463149,2
446,13,4,98.48257645052264,2
446,14,4,98.48257645052264,1
446,14,5,98.48257645052264,1
446,15,5,98.48257645052264,2
447,4,6,97.4742336958276,1
447,4,7,97.4742336958276,1
447,4,8,97.4742336958276,1
447,13,4,98.4840561166859,2
447,14,4,98.4840561166859,1
447,14,5,98.4840561166859,1
447,15,5,98.4840561166859,2
448,11,4,98.48479594976754,2
448,13,4,98.48479594976754,1
448,13,5,98.48479594976754,1
448,14,5,98.48479594976754,2
448,15,10,98.48528917182196,2
449,11,4,98.77447996225857,3
449,11,5,98.77447996225857,3
449,11,10,98.77472657328579,1
449,13,9,98.78229285379751,2
449,13,10,98.78229285379751,2
449,13,9,98.78376434295225,3
449,14,10,98.78376434295225,3
449,14,9,98.78389235268263,3
449,14,10,98.78389235268263,1
449,15,10,98.78389235268263,2
449,15,9,98.80831292857779,2
449,15,10,98.80831292857779,2
449,15,9,98.83301686902746,1
450,4,3,98.19542943022665,3
450,5,3,98.19542943022665,1
450,11,4,98.81838264233524,3
450,11,5,98.81838264233524,3
450,11,9,98.84765109571968,1
450,14,10,98.84765109571968,3
450,14,9,98.84765109571968,3
450,14,10,98.84765109571968,1
451,11,4,98.84033398237356,3
451,11,5,98.84033398237356,3
451,11,10,98.85496820906579,1
451,12,10,98.85496820906579,1
451,12,9,98.85496820906579,3
451,12,10,98.85496820906579,3
451,13,9,98.85496820906579,3
451,13,10,98.85496820906579,3
451,13,9,98.87333807878676,1
451,14,9,98.87333807878676,2
451,14,10,98.87333807878676,3
451,14,9,98.87333807878676,2
451,15,9,98.87333807878676,1
451,15,10,98.87333807878676,3
451,15,9,98.88252301364723,3
452,4,2,94.04429535613778,2
452,11,4,98.87197575582881,3
452,11,5,98.87197575582881,3
452,11,10,98.89307027146565,1
452,13,10,98.89307027146565,2
452,13,9,98.89307027146565,3
452,13,10,98.89307027146565,2
452,14,10,98.89307027146565,1
452,14,9,98.98678553741249,2
452,14,10,98.98678553741249,2
452,14,9,98.98678553741249,2
452,15,10,98.98678553741249,2
452,15,9,98.98678553741249,2
452,15,10,98.98678553741249,2
452,15,9,98.98678553741249,1
453,4,3,95.50649576277289,3
453,5,3,95.50649576277289,1
453,11,4,98.95808309201658,3
453,11,5,98.95808309201658,3
453,12,9,99.01548798280841,1
453,12,10,99.01548798280841,2
453,12,9,99.01548798280841,3
453,13,10,99.01548798280841,3
453,13,9,99.01548798280841,3
453,14,10,99.01548798280841,3
453,14,9,99.01548798280841,3
453,15,10,99.01548798280841,3
453,15,9,99.01548798280841,3
454,2,10,100.72145393058064,1
454,4,6,96.47584870175984,1
454,4,7,96.47584870175984,1
454,4,8,96.47584870175984,1
454,13,4,99.00113676011044,3
454,13,5,99.00113676011044,3
454,14,10,99.02983920550636,2
454,14,3,99.08874911036648,2
454,14,15,99.13783390217228,1
454,14,3,99.1622885659477,1
454,15,3,99.1622885659477,3
454,15,13,99.23010538252524,1
454,15,9,99.2671752684316,2
455,11,4,99.20066564135132,3
455,11,5,99.20066564135132,2
455,12,5,99.20066564135132,1
455,12,10,99.3336848955119,2
455,12,9,99.33369350572879,2
455,13,10,99.33369350572879,2
455,13,9,99.33371072616256,2
455,13,10,99.33371072616256,1
455,14,10,99.33371072616256,1
456,11,4,99.73246296536644,1
456,12,4,99.73246296536644,1
456,13,4,99.73246296536644,1
456,14,5,99.73246296536644,1
456,15,5,99.73246296536644,1
457,13,4,99.73246296536644,1
457,15,4,99.73246296536644,1
458,11,4,99.73246296536644,1
458,13,4,99.73246296536644,1
458,15,4,99.73246296536644,1
459,11,4,99.73246296536644,1
459,12,4,99.73246296536644,1
459,13,4,99.73246296536644,1
459,14,5,99.73246296536644,1
460,3,5,103.4570340801447,1
460,6,4,106.5111469960784,3
460,7,5,106.5111469960784,3
460,8,3,106.5956655465051,1
460,8,11,107.14333589838063,1
460,8,12,107.14333589838063,1
461,1,13,103.68767940255994,1
461,1,15,103.68767940255994,1
461,4,11,100.25116506027686,2
461,4,13,100.25116506027686,1
461,5,13,100.25116506027686,1
461,5,14,100.25116506027686,2
463,1,12,103.85459922803355,1
463,2,13,99.98451933705309,1
465,1,11,101.30069005726165,1
465,1,14,101.30069005726165,1
465,1,15,101.30511128120833,1
465,1,4,101.30732189318167,1
467,11,1,97.98155458169711,1
467,15,1,97.98155458169711,1
467,11,1,97.97944947914712,1
468,1,11,101.77547727085508,1
468,1,13,101.77547727085508,1
468,1,11,101.77768128848945,1
469,1,12,104.28091158755385,1
469,1,13,104.28091158755385,1
469,1,14,104.28091158755385,1
469,1,15,104.28091158755385,1
472,12,2,98.68327917437986,1
472,13,2,98.68327917437986,1
476,1,11,100.24356118496294,1
477,6,11,104.68433190443231,1
477,6,13,104.68433190443231,1
477,7,14,104.68433190443231,1
477,7,15,104.68433190443231,1
477,8,13,104.68433288908184,1
477,8,14,104.68433288908184,1
478,2,11,101.09615523722255,1
478,2,12,101.09615523722255,1
478,2,13,101.09615523722255,1
478,2,14,101.09615523722255,1
479,14,2,96.53591240013202,1
479,15,2,96.53591240013202,1
481,11,2,95.57061316475813,1
481,12,2,95.57061316475813,1
486,6,13,109.95677509996725,1
486,6,14,109.95677509996725,1
486,6,15,109.95677509996725,1
486,6,11,109.9567751040461,1
486,6,12,109.9567751040461,1
486,7,13,109.9567751040461,1
486,7,14,109.9567751040461,1
486,7,15,109.9567751040461,1
486,7,11,109.95677512036158,1
486,7,13,109.95677512036158,1
486,8,15,109.95677512036158,1
486,8,11,109.95677534286114,1
486,8,13,109.95677534286114,1
486,8,14,109.95677534286114,1
486,8,15,109.95677534286114,1
488,11,6,89.96463429154605,1
488,14,6,89.96463429154605,1
488,13,6,89.96463428878275,1
488,15,6,89.96463428878275,1
488,12,6,89.96463425733522,1
488,13,7,89.96463425733522,1
488,14,7,89.96463425733522,1
488,15,7,89.96463425733522,1
488,13,7,89.9646341315451,1
488,12,7,89.96463340588508,1
488,13,8,89.96463340588508,1
488,14,8,89.96463340588508,1
488,15,8,89.96463340588508,1
488,12,8,89.96461003594102,1
488,13,8,89.96461003594102,1
490,13,3,98.8264367765805,1
490,14,3,98.8264367765805,1
490,14,3,98.82641856576561,1
490,14,3,98.82632508598938,1
490,15,3,98.82632508598938,1
490,6,11,101.78052706621196,1
490,7,12,101.78052706621196,1
490,8,13,101.78052706621196,1
492,6,14,109.95677500716876,1
492,6,15,109.95677500716876,1
492,6,11,109.95677522952776,1
492,6,12,109.95677522952776,1
492,6,13,109.95677522952776,1
492,7,14,109.95677522952776,1
492,7,12,109.9567761189638,1
492,7,13,109.9567761189638,1
492,7,15,109.9567761189638,1
492,7,15,109.95677988929293,1
492,8,12,109.95679564368547,1
492,8,13,109.95679564368547,1
492,8,14,109.95679564368547,1
492,8,11,109.95734943008081,1
492,8,12,109.95734943008081,1
495,1,11,101.28527548208594,1
495,1,13,101.28527548208594,1
495,1,14,101.28527548208594,1
495,6,15,107.16361245264196,1
495,6,12,107.16372017517082,1
495,6,15,107.16372017517082,1
495,7,13,107.16415106528623,1
495,7,14,107.16415106528623,1
495,7,15,107.16415106528623,1
495,8,4,107.1760944754744,3
498,2,11,102.12966032040342,1
498,2,12,102.12966032040342,1
498,2,13,102.12966032040342,1
498,3,14,103.54580839090531,1
498,3,15,103.54580839090531,1
498,3,11,103.54581007406982,1
498,3,12,103.54581007406982,1
498,3,13,103.54581007406982,1
499,12,11,99.8652787357488,1
499,13,12,99.8652787357488,1
499,14,13,99.8652787357488,1
499,12,15,99.86527845120482,1
500,13,11,99.86527838006882,1
500,14,12,99.86527838006882,1
500,15,13,99.86527838006882,1
500,11,14,99.8652772418929,1
500,12,15,99.8652772418929,1
501,13,11,99.86527695734891,1
501,15,14,99.86527695734891,1
501,13,15,99.86478679494915,1
502,15,12,99.86466425434921,1
502,13,14,99.8626036635872,1
502,14,15,99.8626036635872,1
503,15,3,96.63186358045957,1
503,4,3,96.62167005732604,3
503,5,3,96.62167005732604,1
503,4,6,89.94983725794918,3
503,5,6,89.94983725794918,2
503,5,7,89.94983725794918,1
503,9,7,89.91391989630282,2
503,10,7,89.91391989630282,2
503,9,8,89.91370466669017,2
503,10,8,89.91370466669017,2
503,9,8,89.91367434953554,1
503,9,11,99.8147017889685,1
503,10,13,99.8147017889685,1
503,10,15,99.8147017889685,1
504,4,12,99.81530104422882,1
504,4,13,99.81530104422882,1
504,4,14,99.81530104422882,1
505,5,2,95.79339045902964,3
505,4,6,92.4825740817171,3
505,5,7,92.4825740817171,3
505,9,8,92.47008879812941,2
505,10,8,92.47008879812941,1
505,10,11,99.80281576064112,1
505,9,13,99.8028082275235,1
505,9,15,99.8028082275235,1
506,4,12,99.80593143169983,1
506,4,13,99.80593143169983,1
506,4,14,99.80593143169983,1
507,5,3,99.66958192211995,3
507,10,3,99.6633355137673,1
507,4,6,89.89591733913039,3
507,5,6,89.89591733913039,2
507,5,7,89.89591733913039,1
507,10,7,89.88967093077773,1
507,9,7,89.88967059457629,2
507,10,7,89.88967059457629,1
507,10,8,89.88967059457629,1
507,9,8,89.88966915368454,2
507,10,8,89.88966915368454,2
507,9,11,99.79968314006777,1
507,9,12,99.79968314006777,1
508,3,4,102.3033713357238,3
508,3,5,102.3033713357238,2
508,4,6,96.50013845253677,1
508,4,7,96.50013845253677,1
508,4,8,96.50013845253677,1
508,5,11,99.80124521297579,1
508,5,12,99.80124521297579,1
508,5,13,99.80124521297579,1
508,10,14,99.79812106715974,1
508,10,15,99.79812106715974,1
509,4,11,99.79890185004845,1
509,4,12,99.79890185004845,1
509,4,13,99.79890185004845,1
509,5,14,99.79890185004845,1
509,5,15,99.79890185004845,1
510,2,4,101.39644831859323,3
510,2,5,101.39644831859323,2
510,6,4,109.89025558362623,3
510,6,5,109.89025558362623,2
510,7,5,109.89025558362623,1
510,7,11,109.91367366333417,1
510,7,12,109.91367366333417,1
510,7,14,109.91367366333417,1
510,7,14,109.9136757672898,1
510,8,11,109.91368249994785,1
510,8,12,109.91368249994785,1
510,8,13,109.91368249994785,1
510,8,14,109.91368249994785,1
510,8,15,109.91368249994785,1
510,4,12,99.79890185004845,1
510,4,13,99.79890185004845,1
510,4,14,99.79890185004845,1
510,5,15,99.79890185004845,1
511,4,6,95.77982478281236,2
511,4,7,95.77982478281236,1
511,5,7,95.77982478281236,1
511,5,8,95.77982478281236,2
511,9,12,99.82844080065908,2
511,10,13,99.82844080065908,2
511,9,14,99.82844071849436,2
511,10,15,99.82844071849436,2
512,4,12,99.8443818775778,1
512,4,13,99.8443818775778,1
512,4,14,99.8443818775778,1
513,5,3,98.9506671813169,3
513,9,3,98.9187848145454,1
513,6,4,109.95695962400262,3
513,6,5,109.95695962400262,2
513,7,5,109.95695962400262,1
513,7,15,110.0510443758985,2
513,7,2,110.20246489887725,2
513,8,2,110.20246489887725,3
513,8,12,110.43425202233644,1
513,8,15,110.43425202233644,1
513,4,11,99.8443818775778,1
513,4,13,99.8443818775778,1
514,4,11,100.20235117638074,3
514,5,11,100.20235117638074,1
514,5,12,100.20235117638074,2
515,9,1,99.63037841915269,1
515,10,1,99.63037841915269,1
515,6,4,109.93750487144803,3
515,6,5,109.93750487144803,2
515,7,5,109.93750487144803,1
515,7,12,109.96054416887651,2
515,7,15,109.96054416887651,2
515,8,15,109.96054416887651,2
515,8,14,110.42364033919495,1
515,8,15,110.42364033919495,1
515,8,11,110.42364033947857,1
515,4,11,99.83111727356331,1
515,4,12,99.83111727356331,1
515,4,13,99.83111727356331,1
515,5,14,99.83111727356331,1
516,4,11,100.19571887458622,3
516,5,11,100.19571887458622,1
516,5,12,100.19571887458622,2
517,3,12,100.98370018574073,2
517,3,13,100.98370018574073,3
517,4,11,99.82945919811468,1
517,4,12,99.82945919811468,1
517,4,13,99.82945919811468,1
517,5,14,99.82945919811468,1
518,4,11,99.82945919811468,1
518,4,12,99.82945919811468,1
518,4,13,99.82945919811468,1
518,5,14,99.82945919811468,1
518,5,15,99.82945919811468,1
519,4,11,99.82945919811468,1
519,4,12,99.82945919811468,1
519,4,13,99.82945919811468,1
519,5,14,99.82945919811468,1
520,6,4,101.89283329762807,1
520,7,4,101.89283329762807,1
520,8,4,101.89283329762807,1
520,4,11,99.82945919811468,1
520,4,12,99.82945919811468,1
520,4,13,99.82945919811468,1
520,5,14,99.82945919811468,1
521,4,6,89.92415065882821,3
521,5,6,89.92415065882821,2
521,5,7,89.92415065882821,1
521,10,7,89.90221674503213,1
521,9,7,89.90221671243381,2
521,10,7,89.90221671243381,1
521,10,8,89.90221671243381,1
521,9,8,89.90221670428423,2
521,10,8,89.90221670428423,2
521,9,11,99.8075252415333,1
521,9,13,99.8075252415333,1
521,10,14,99.8075252415333,1
521,10,15,99.8075252415333,1
522,4,11,99.81300872653784,1
522,4,13,99.81300872653784,1
522,4,15,99.81300872653784,1
523,4,11,99.81300872653784,1
523,4,13,99.81300872653784,1
523,4,14,99.81300872653784,1
524,6,4,107.00881843552749,3
524,7,5,107.00881843552749,3
524,8,13,107.04171933037478,1
524,8,14,107.04171933037478,2
524,4,11,99.81300872653784,1
524,4,14,99.81300872653784,1
524,4,15,99.81300872653784,1
525,4,11,99.83768439767331,1
525,4,12,99.83768439767331,1
525,4,13,99.83768439767331,1
525,5,15,99.83768439767331,1
526,5,1,96.14509163497232,1
526,4,12,99.83768439767331,1
526,4,13,99.83768439767331,1
526,4,15,99.83768439767331,1
527,4,11,99.83768439767331,1
527,4,14,99.83768439767331,1
527,4,15,99.83768439767331,1
528,4,11,99.83768439767331,1
528,4,12,99.83768439767331,1
528,4,13,99.83768439767331,1
528,5,14,99.83768439767331,1
529,4,11,99.83768439767331,1
529,4,12,99.83768439767331,1
529,4,13,99.83768439767331,1
530,4,11,99.83768439767331,1
530,4,14,99.83768439767331,1
530,4,15,99.83768439767331,1
531,4,6,95.51188859172967,2
531,4,7,95.51188859172967,1
531,5,7,95.51188859172967,1
531,5,8,95.51188859172967,2
531,9,12,99.81026696919845,1
531,9,13,99.81026696919845,1
531,10,14,99.81026696919845,1
531,10,15,99.81026696919845,1
532,4,13,99.81712127919303,1
533,4,11,99.81712127919303,1
533,4,12,99.81712127919303,1
533,4,14,99.81712127919303,1
533,5,15,99.81712127919303,1
534,4,12,99.81712127919303,1
534,4,13,99.81712127919303,1
534,4,14,99.81712127919303,1
535,4,6,95.16061702281013,2
535,4,7,95.16061702281013,1
535,5,7,95.16061702281013,1
535,5,8,95.16061702281013,2
535,9,11,99.80341253353953,1
535,9,12,99.80341253353953,1
535,10,13,99.80341253353953,1
535,10,14,99.80341253353953,1
536,4,11,99.8068396672721,1
536,4,13,99.8068396672721,1
536,4,14,99.8068396672721,1
536,5,15,99.8068396672721,1
537,3,4,102.67974367978144,3
537,4,12,99.8068396672721,1
537,4,13,99.8068396672721,1
537,4,14,99.8068396672721,1
537,5,15,99.8068396672721,1
538,6,4,103.9235244585957,2
538,7,4,103.9235244585957,1
538,7,5,103.9235244585957,1
538,8,5,103.9235244585957,2
538,4,11,99.8068396672721,1
538,4,13,99.8068396672721,1
538,4,14,99.8068396672721,1
539,4,11,99.83459986804044,1
539,4,12,99.83459986804044,1
539,4,13,99.83459986804044,1
539,5,15,99.83459986804044,1
540,4,11,99.83459986804044,1
540,4,15,99.83459986804044,1
541,4,6,90.53338757096495,3
541,5,6,90.53338757096495,1
541,5,7,90.53338757096495,2
541,9,7,90.50802636250543,2
541,10,8,90.50802636250543,2
541,9,8,90.50802618141785,2
541,10,11,99.80923847849334,1
541,10,12,99.80923847849334,1
541,9,13,99.80923837343039,1
541,9,14,99.80923837343039,1
542,4,12,99.81557874708291,1
542,4,13,99.81557874708291,1
542,4,15,99.81557874708291,1
543,4,11,99.81557874708291,1
543,4,12,99.81557874708291,1
544,4,11,99.81557874708291,1
544,4,13,99.81557874708291,1
544,4,14,99.81557874708291,1
544,5,15,99.81557874708291,1
545,4,12,99.81557874708291,1
545,4,13,99.81557874708291,1
545,4,14,99.81557874708291,1
545,5,15,99.81557874708291,1
546,6,4,104.53765997874301,2
546,7,4,104.53765997874301,1
546,7,5,104.53765997874301,1
546,8,5,104.53765997874301,2
546,4,11,99.81557874708291,1
546,4,13,99.81557874708291,1
546,4,14,99.81557874708291,1
546,5,15,99.81557874708291,1
547,4,11,99.83896940794584,1
547,4,12,99.83896940794584,1
547,4,13,99.83896940794584,1
547,5,14,99.83896940794584,1
547,5,15,99.83896940794584,1
548,5,1,98.4353022803258,1
548,10,1,98.40702775911215,2
548,9,1,98.40702747674382,1
548,4,11,99.83896940794584,1
548,4,12,99.83896940794584,1
548,4,13,99.83896940794584,1
548,5,14,99.83896940794584,1
548,5,15,99.83896940794584,1
549,4,11,99.76432255351321,3
549,5,12,99.76432255351321,3
549,9,13,99.73604774993123,1
549,10,13,99.73604774993123,2
549,9,14,99.73604668749377,2
549,10,14,99.73604668749377,1
549,10,15,99.73604668749377,1
549,9,15,99.73604547585572,2
550,4,11,99.74311474527009,3
550,5,14,99.74311474527009,3
551,4,11,99.73251084114852,3
551,5,13,99.73251084114852,3
551,10,14,99.72544157173414,2
551,9,14,99.72543247543211,1
551,9,15,99.72543247543211,1
551,10,15,99.72543247543211,2
552,4,11,99.72717477795513,3
552,5,12,99.72717477795513,3
552,9,14,99.72361740249285,2
552,10,14,99.72361740249285,1
552,10,15,99.72361740249285,1
552,9,15,99.72343062989994,2
553,4,11,99.72436666691372,3
553,5,13,99.72436666691372,3
553,10,14,99.72249459288614,2
553,11,14,99.69246295799377,1
554,4,11,99.70043888522376,2
554,4,12,99.70043888522376,1
554,5,12,99.70043888522376,1
554,5,13,99.70043888522376,2
554,15,14,99.68448703076379,1
554,2,14,99.57394147836646,1
555,4,11,99.60143890357027,2
555,4,12,99.60143890357027,1
555,5,12,99.60143890357027,1
555,5,14,99.60143890357027,2
555,2,15,99.53543891580128,2
556,6,4,109.63752532874685,3
556,6,5,109.63752532874685,2
556,7,5,109.63752532874685,1
556,7,14,109.79470819650194,2
556,7,12,110.26001513436883,1
556,7,13,110.26001513436883,1
556,8,15,110.26001513436883,1
556,8,11,110.26001513554291,1
556,8,12,110.26001513554291,1
556,8,13,110.26001513554291,1
556,8,15,110.26001513554291,1
556,4,11,99.55193891274351,1
556,4,12,99.55193891274351,1
556,4,14,99.55193891274351,1
557,4,11,100.0188062713628,3
557,5,11,100.0188062713628,2
557,5,12,100.0188062713628,1
558,4,11,99.5635244901243,1
558,4,12,99.5635244901243,1
558,4,13,99.5635244901243,1
558,5,14,99.5635244901243,1
558,5,15,99.5635244901243,1
559,4,12,99.5635244901243,1
559,4,13,99.5635244901243,1
560,4,11,99.5635244901243,1
560,4,13,99.5635244901243,1
560,4,15,99.5635244901243,1
561,6,4,109.65451750890534,3
561,6,5,109.65451750890534,2
561,7,5,109.65451750890534,1
561,7,12,109.69524122104369,4
561,8,14,109.69524122104369,5
561,4,11,99.5635244901243,1
561,4,12,99.5635244901243,1
562,1,15,103.80173007574578,4
562,6,4,104.53179930076487,2
562,7,4,104.53179930076487,1
562,7,5,104.53179930076487,1
562,8,5,104.53179930076487,2
562,4,14,99.59406727422805,2
562,4,15,99.59406727422805,1
562,5,15,99.59406727422805,1
563,5,1,95.33942385372848,1
563,5,2,95.04922713812678,1
563,3,15,103.20861626980502,1
563,4,11,99.60933866627994,2
563,4,13,99.60933866627994,1
563,5,13,99.60933866627994,1
564,5,2,96.72571867363479,2
564,14,2,96.59323452379898,3
564,4,12,99.60933866627994,2
564,4,13,99.60933866627994,1
564,5,13,99.60933866627994,1
564,5,14,99.60933866627994,2
565,3,15,103.18092984993177,2
565,3,4,103.30723812359147,2
565,4,6,89.51666906479971,3
565,5,6,89.51666906479971,2
565,5,7,89.51666906479971,1
565,14,7,89.51358112671167,1
565,15,7,89.51358112671167,3
565,15,8,89.51358112671167,2
565,3,8,89.07651936906908,3
566,11,4,99.06392445102097,1
566,12,4,99.06392445102097,1
566,13,4,99.06392445102097,1
566,14,5,99.06392445102097,1
567,13,4,99.06392445102097,1
568,4,1,96.70964966527464,3
568,5,1,96.70964966527464,1
568,6,4,101.33305338994012,1
568,7,4,101.33305338994012,1
568,8,4,101.33305338994012,1
568,11,5,99.06392445102097,1
568,12,5,99.06392445102097,1
568,13,5,99.06392445102097,1
571,2,4,100.88662546316195,3
571,2,5,100.88662546316195,2
572,1,11,102.85948266159491,1
572,1,12,102.85948266159491,1
572,1,13,102.85948266159491,1
572,1,14,102.85948266159491,1
574,11,3,98.25571444847068,1
574,12,3,98.25571444847068,1
574,14,3,98.25571444847068,1
574,15,3,98.25571444847068,1
577,11,2,98.76407859737924,1
577,12,2,98.76407859737924,1
577,13,2,98.76407859737924,1
577,14,2,98.76407859737924,1
578,3,12,102.2849429982483,1
578,3,13,102.2849429982483,1
578,3,15,102.2849429982483,1
578,6,11,104.11581033966151,1
578,6,12,104.11581033966151,1
578,7,14,104.11581033966151,1
578,7,11,104.11812770753693,1
578,8,12,104.11812770753693,1
578,8,14,104.11812770753693,1
581,6,12,107.63341395321186,1
581,6,14,107.63341395321186,1
581,6,15,107.63341395321186,1
581,6,11,107.63342721624367,1
581,7,14,107.63342721624367,1
581,7,4,107.64590881260789,3
581,8,5,107.64590881260789,3
581,8,13,107.68252263008576,1
582,11,1,96.68296979950291,1
582,12,1,96.68296979950291,1
583,1,11,99.4514679102485,1
583,1,13,99.4514679102485,1
583,1,14,99.4514679102485,1
583,1,15,99.4514679102485,1
583,1,4,99.47624499598345,1
585,1,11,102.77612932999223,1
587,13,3,96.79552827431937,1
587,14,3,96.79552827431937,1
587,15,3,96.79552827431937,1
587,11,3,96.79552130886937,1
587,12,3,96.79552130886937,1
590,6,11,109.20846019588276,1
590,6,12,109.20846019588276,1
590,6,13,109.20846019588276,1
590,6,14,109.20846019588276,1
590,6,11,109.20847975977236,1
590,7,14,109.20847975977236,1
590,7,11,109.20855104988075,1
590,7,13,109.20855104988075,1
590,7,15,109.20855104988075,1
590,7,11,109.20883621031433,1
590,8,12,109.20883621031433,1
590,8,13,109.20883621031433,1
590,8,14,109.20883621031433,1
590,8,15,109.20883621031433,1
590,8,13,109.2099768520487,1
593,6,11,109.20845527724356,1
593,6,13,109.20845527724356,1
593,6,14,109.20845527724356,1
593,6,15,109.20845527724356,1
593,6,11,109.20845575231786,1
593,7,12,109.20845575231786,1
593,7,13,109.20845575231786,1
593,7,15,109.20845575231786,1
593,7,15,109.20997542682582,1
593,7,11,109.21453799376324,1
593,8,12,109.21453799376324,1
593,8,13,109.21453799376324,1
593,8,14,109.21453799376324,1
593,8,4,109.22095513748796,2
599,6,11,109.20847473724095,1
599,6,13,109.20847473724095,1
599,6,15,109.20847473724095,1
599,6,12,109.20851135823222,1
599,6,13,109.20851135823222,1
599,7,11,109.20865784219731,1
599,7,13,109.20865784219731,1
599,7,14,109.20865784219731,1
599,7,11,109.2092437780577,1
599,7,12,109.2092437780577,1
599,8,13,109.2092437780577,1
599,8,15,109.2092437780577,1
599,8,12,109.21158752149925,1
599,8,13,109.21158752149925,1
599,8,14,109.21158752149925,1
599,11,15,99.52467423328869,1
599,11,4,99.53405533853615,3
599,13,5,99.53405533853615,3
599,13,14,99.57065941681479,1
600,2,15,100.56787145285307,1
600,2,11,101.34310114152143,1
600,2,12,101.34310114152143,1
600,2,13,101.34310114152143,1
600,2,14,101.34310114152143,1
600,11,4,99.57087881437445,3
600,11,5,99.57087881437445,1
601,2,5,100.96522247571767,1
601,11,4,99.57087881437445,3
601,11,5,99.57087881437445,1
601,12,5,99.57087881437445,2
602,4,11,100.31735851837169,1
602,4,12,100.31735851837169,1
602,4,13,100.31735851837169,1
602,5,15,100.31735851837169,1
603,4,13,100.31735851837169,1
603,4,14,100.31735851837169,1
603,4,15,100.31735851837169,1
604,4,11,100.31735851837169,1
604,4,12,100.31735851837169,1
604,4,13,100.31735851837169,1
604,5,15,100.31735851837169,1
605,5,1,95.38840965401018,1
605,4,11,100.31735851837169,1
605,4,12,100.31735851837169,1
605,4,13,100.31735851837169,1
605,5,14,100.31735851837169,1
606,6,4,102.66070893016538,1
606,7,4,102.66070893016538,1
606,8,4,102.66070893016538,1
606,4,12,100.31735851837169,1
606,4,15,100.31735851837169,1
607,4,1,99.25741522473297,1
607,6,4,110.40647995717218,3
607,6,5,110.40647995717218,2
607,7,5,110.40647995717218,1
607,7,1,110.46809291011027,2
607,7,15,110.67944493756215,1
607,7,13,110.6794449563475,1
607,8,14,110.6794449563475,1
607,8,15,110.6794449563475,1
607,8,13,110.67944507261032,1
607,8,14,110.67944507261032,1
607,8,15,110.67944507261032,1
607,4,11,100.31735851837169,1
607,4,15,100.31735851837169,1
608,4,12,100.52208270373882,1
608,4,13,100.52208270373882,1
609,4,3,99.23515281621742,1
609,5,3,99.23515281621742,3
609,12,3,98.82570504558271,1
609,4,11,100.52208270373882,1
609,4,15,100.52208270373882,1
610,6,4,110.70674209571062,3
610,6,5,110.70674209571062,2
610,7,5,110.70674209571062,1
610,7,11,110.84322488595537,1
610,7,12,110.84322488595537,1
610,7,13,110.84322488595537,1
610,7,14,110.84322488595537,1
610,8,13,110.84322674616072,1
610,8,14,110.84322674616072,1
610,8,12,110.84325647964822,1
610,8,14,110.84325647964822,1
610,8,15,110.84325647964822,1
610,4,11,100.52208270373882,1
610,4,12,100.52208270373882,1
610,4,13,100.52208270373882,1
610,5,14,100.52208270373882,1
610,5,15,100.52208270373882,1
611,4,12,100.6246808771468,2
611,4,13,100.6246808771468,1
611,5,13,100.6246808771468,1
611,5,14,100.6246808771468,2
612,2,15,104.68912110366225,2
612,6,4,109.48687501610748,3
612,6,5,109.48687501610748,1
612,7,5,109.48687501610748,2
612,7,11,109.8658200074908,1
612,7,12,109.8658200074908,1
612,8,13,109.8658200074908,1
612,8,15,109.8658200074908,1
612,8,11,109.86695272991639,1
612,8,13,109.8776432838757,1
613,1,14,102.6498836189942,1
613,1,14,102.66958662244176,1
613,1,9,102.68717178879106,2
613,4,11,100.47970819373577,1
613,4,15,100.47970819373577,1
614,4,2,98.30750865298549,1
614,5,2,98.30750865298549,3
614,4,12,100.47970819373577,1
614,4,13,100.47970819373577,1
615,1,4,102.34877946633142,1
615,4,11,100.47970819373577,1
615,4,12,100.47970819373577,1
615,4,13,100.47970819373577,1
615,5,14,100.47970819373577,1
615,5,15,100.47970819373577,1
616,5,1,95.5794207792787,1
616,13,1,95.40255026501445,1
616,4,11,100.47970819373577,1
616,4,12,100.47970819373577,1
616,4,13,100.47970819373577,1
616,5,14,100.47970819373577,1
616,5,15,100.47970819373577,1
617,4,11,100.47970819373577,1
617,4,12,100.47970819373577,1
617,4,13,100.47970819373577,1
617,5,15,100.47970819373577,1
618,5,3,96.55660088864158,2
618,4,11,100.47970819373577,1
618,4,12,100.47970819373577,1
618,4,13,100.47970819373577,1
618,5,15,100.47970819373577,1
619,4,11,100.47970819373577,1
619,4,14,100.47970819373577,1
619,4,15,100.47970819373577,1
620,4,11,100.47970819373577,1
620,4,12,100.47970819373577,1
620,4,13,100.47970819373577,1
620,5,15,100.47970819373577,1
621,5,3,98.98037302175379,2
621,14,3,98.80350250748953,1
621,15,3,98.80350250748953,1
621,12,3,98.59917492445442,1
621,4,12,100.47970819373577,1
621,4,13,100.47970819373577,1
621,4,14,100.47970819373577,1
621,5,15,100.47970819373577,1
622,5,2,98.1230690418235,2
622,13,2,97.74187094452412,1
622,4,14,100.47970819373577,1
622,4,15,100.47970819373577,1
623,4,1,100.22237177988839,1
623,5,1,100.22237177988839,1
623,5,3,98.52952526611398,2
623,13,3,98.1483271688146,1
623,4,11,100.47970819373577,1
623,4,12,100.47970819373577,1
623,4,14,100.47970819373577,1
623,5,15,100.47970819373577,1
624,4,11,100.47970819373577,1
624,4,12,100.47970819373577,1
624,4,14,100.47970819373577,1
625,4,11,100.47970819373577,1
625,4,13,100.47970819373577,1
625,4,14,100.47970819373577,1
626,5,2,96.12802601179003,3
626,9,2,96.09023869687441,1
626,4,11,100.47970819373577,1
626,4,13,100.47970819373577,1
626,4,15,100.47970819373577,1
627,4,6,90.50466684812324,3
627,5,6,90.50466684812324,2
627,5,7,90.50466684812324,1
627,9,7,90.46687953320762,1
627,10,7,90.46687953320762,2
627,9,7,90.46687953320762,1
627,9,8,90.46687953320762,1
627,10,8,90.46687953320762,2
627,9,8,90.46687953320762,2
627,10,11,100.44192087882016,1
627,10,12,100.44192087882016,1
627,9,13,100.44192087882016,1
627,9,15,100.44192087882016,1
628,4,11,100.45136770754907,1
628,4,12,100.45136770754907,1
628,4,13,100.45136770754907,1
628,5,14,100.45136770754907,1
628,5,15,100.45136770754907,1
629,4,11,100.45136770754907,1
629,4,13,100.45136770754907,1
629,4,14,100.45136770754907,1
629,5,15,100.45136770754907,1
630,4,6,94.27055916250731,3
630,5,7,94.27055916250731,3
630,10,8,94.2516655050495,2
630,9,8,94.2516655050495,1
630,9,11,100.43247405009126,1
630,10,14,100.43247405009126,1
630,10,15,100.43247405009126,1
631,4,11,100.42647541902134,1
631,4,14,100.42647541902134,1
631,4,15,100.42647541902134,1
632,4,11,100.42647541902134,1
632,4,13,100.42647541902134,1
632,4,14,100.42647541902134,1
632,5,15,100.42647541902134,1
633,4,13,100.42647541902134,1
633,4,14,100.42647541902134,1
633,4,15,100.42647541902134,1
634,5,1,97.81912725047873,3
634,4,11,100.42647541902134,1
634,4,12,100.42647541902134,1
634,4,13,100.42647541902134,1
634,5,15,100.42647541902134,1
635,4,12,100.42647541902134,1
635,4,15,100.42647541902134,1
636,4,1,100.28463873039442,1
636,5,1,100.28463873039442,2
636,5,3,96.18281105442034,1
636,2,3,96.16621619540186,3
636,4,11,100.42647541902134,1
636,4,13,100.42647541902134,1
636,4,14,100.42647541902134,1
637,5,2,96.00842555413922,1
637,4,11,100.42647541902134,1
637,4,12,100.42647541902134,1
637,4,15,100.42647541902134,1
638,4,11,100.42647541902134,1
638,4,13,100.42647541902134,1
638,4,14,100.42647541902134,1
638,5,15,100.42647541902134,1
639,4,11,100.42647541902134,1
639,4,12,100.42647541902134,1
639,4,13,100.42647541902134,1
639,5,14,100.42647541902134,1
639,5,15,100.42647541902134,1
640,5,2,99.59965927274422,1
640,9,2,99.57848571050454,2
640,4,11,100.42647541902134,1
640,4,12,100.42647541902134,1
640,4,15,100.42647541902134,1
641,5,3,98.69342581304312,3
641,10,3,98.67225225080344,1
641,4,11,100.42647541902134,1
641,4,12,100.42647541902134,1
641,4,13,100.42647541902134,1
641,5,15,100.42647541902134,1
642,4,11,100.42647541902134,1
642,4,13,100.42647541902134,1
642,4,14,100.42647541902134,1
642,5,15,100.42647541902134,1
643,4,11,100.42647541902134,1
643,4,12,100.42647541902134,1
643,4,13,100.42647541902134,1
643,5,14,100.42647541902134,1
643,5,15,100.42647541902134,1
644,4,6,97.96883617667021,1
644,4,7,97.96883617667021,1
644,4,8,97.96883617667021,1
644,5,14,100.42647541902134,1
644,5,15,100.42647541902134,1
645,5,2,99.85446561229173,1
645,10,2,99.83329205005205,1
645,9,2,99.83329205005205,2
645,10,3,96.95258617665918,2
645,9,3,96.95258617665918,1
645,6,4,107.1312679027549,3
645,7,5,107.1312679027549,3
645,8,10,107.3809151032923,2
645,8,9,107.38170950937175,1
645,4,12,100.42647541902134,1
645,4,13,100.42647541902134,1
645,4,14,100.42647541902134,1
645,5,15,100.42647541902134,1
646,4,11,100.61430662398398,2
646,4,12,100.61430662398398,1
646,5,12,100.61430662398398,1
646,5,13,100.61430662398398,2
647,4,6,90.53443003542779,3
647,5,6,90.53443003542779,2
647,5,7,90.53443003542779,1
647,9,7,90.46123285265372,1
647,10,7,90.46123285265372,2
647,13,7,90.13669683407034,1
647,13,8,90.13669683407034,1
647,15,8,90.13669683407034,4
648,1,3,94.90326008143396,5
648,11,4,100.00714165644351,1
648,13,4,100.00714165644351,1
648,15,4,100.00714165644351,1
649,4,3,98.40122788821265,1
649,4,11,99.7377755260885,3
649,5,12,99.7377755260885,3
650,4,11,99.38052859268679,1
650,4,12,99.38052859268679,1
650,4,13,99.38052859268679,1
651,4,11,99.38052859268679,1
651,4,12,99.38052859268679,1
651,4,14,99.38052859268679,1
652,5,3,94.50750246184785,1
652,4,11,99.38052859268679,1
652,4,12,99.38052859268679,1
652,4,13,99.38052859268679,1
652,5,15,99.38052859268679,1
653,3,4,101.82678308792347,2
653,4,11,99.38052859268679,1
653,4,12,99.38052859268679,1
653,4,13,99.38052859268679,1
653,5,14,99.38052859268679,1
654,4,11,99.38052859268679,1
654,4,12,99.38052859268679,1
654,4,13,99.38052859268679,1
654,5,14,99.38052859268679,1
655,4,11,99.38052859268679,1
655,4,12,99.38052859268679,1
655,4,13,99.38052859268679,1
655,5,14,99.38052859268679,1
656,4,12,99.38052859268679,1
656,4,13,99.38052859268679,1
656,4,14,99.38052859268679,1
657,4,13,99.38052859268679,1
657,4,14,99.38052859268679,1
657,4,15,99.38052859268679,1
658,5,3,98.04131110466025,3
658,12,3,97.97657873782896,1
658,14,3,97.97657873782896,1
658,4,12,99.38052859268679,1
658,4,13,99.38052859268679,1
658,4,14,99.38052859268679,1
658,5,15,99.38052859268679,1
659,5,3,94.54630396853207,2
659,4,11,99.38052859268679,1
659,4,12,99.38052859268679,1
659,4,14,99.38052859268679,1
660,4,11,99.38052859268679,1
660,4,12,99.38052859268679,1
660,4,13,99.38052859268679,1
660,5,14,99.38052859268679,1
660,5,15,99.38052859268679,1
661,2,4,100.16219854635567,3
661,2,5,100.16219854635567,1
661,4,11,99.38052859268679,1
662,6,4,100.81667266905576,1
662,7,4,100.81667266905576,1
662,8,4,100.81667266905576,1
662,4,12,99.38052859268679,1
662,4,13,99.38052859268679,1
662,4,14,99.38052859268679,1
663,1,5,101.16221950099929,2
663,4,11,99.38052859268679,1
663,4,12,99.38052859268679,1
664,4,11,99.38052859268679,1
664,4,12,99.38052859268679,1
664,4,13,99.38052859268679,1
664,5,14,99.38052859268679,1
664,5,15,99.38052859268679,1
665,6,4,108.13107251515197,3
665,6,5,108.13107251515197,1
665,7,5,108.13107251515197,2
665,7,9,108.16828995442046,2
665,8,10,108.16828995442046,2
665,8,9,108.16828995442046,2
665,4,11,99.38052859268679,1
665,4,12,99.38052859268679,1
665,4,13,99.38052859268679,1
665,5,15,99.38052859268679,1
666,3,10,103.9585525881244,2
666,3,9,103.9585525881244,2
666,3,10,103.9585525881244,1
666,4,11,99.40844167213815,1
666,4,12,99.40844167213815,1
666,4,13,99.40844167213815,1
667,4,12,99.40844167213815,1
667,4,13,99.40844167213815,1
667,4,14,99.40844167213815,1
667,5,15,99.40844167213815,1
668,4,12,99.40844167213815,1
668,4,13,99.40844167213815,1
668,4,15,99.40844167213815,1
669,2,4,101.79318174532176,2
669,4,6,92.41562185048797,3
669,5,7,92.41562185048797,3
669,11,8,92.33228060327977,1
669,13,8,92.33228060327977,1
669,15,8,92.33228060327977,1
670,4,11,99.29819417010857,1
670,4,13,99.29819417010857,1
671,4,12,99.29819417010857,1
671,4,13,99.29819417010857,1
671,4,14,99.29819417010857,1
671,5,15,99.29819417010857,1
672,6,4,109.27010923757359,3
672,6,5,109.27010923757359,2
672,7,5,109.27010923757359,1
672,7,11,109.27995326814028,1
672,7,12,109.27995326814028,1
672,7,15,109.27995326814028,1
672,7,9,109.30727178722704,1
672,8,9,109.30727178722704,1
672,8,10,109.30727178722704,2
672,8,9,109.30727178722704,2
672,4,11,99.29819417010857,1
672,4,12,99.29819417010857,1
672,4,13,99.29819417010857,1
672,5,14,99.29819417010857,1
672,5,15,99.29819417010857,1
673,4,12,99.32606608234866,1
673,4,13,99.32606608234866,1
673,4,14,99.32606608234866,1
673,5,15,99.32606608234866,1
674,5,2,97.32334629264687,1
674,4,6,90.66921643498429,3
674,5,6,90.66921643498429,1
674,5,7,90.66921643498429,2
674,11,7,90.6407911295909,1
674,12,7,90.6407911295909,1
674,13,8,90.6407911295909,1
674,15,8,90.6407911295909,1
674,14,8,90.64078363906941,1
674,15,8,90.64078363906941,1
675,2,11,104.02360081606,1
675,14,3,98.13583314225093,1
675,15,3,98.13583314225093,1
675,11,3,98.13390437669614,1
675,12,3,98.13390437669614,1
676,13,11,99.27497192499078,1
676,15,12,99.27497192499078,1
677,3,13,101.10935127737511,1
677,3,14,101.10935127737511,1
681,11,2,94.7688490819531,1
683,3,11,102.91546496403532,1
683,3,12,102.91546496403532,1
683,3,13,102.91546496403532,1
683,3,15,102.91546496403532,1
683,3,11,102.91554265976441,1
689,2,12,104.07901909273923,1
689,2,13,104.07901909273923,1
690,12,1,94.31128411991929,1
690,14,1,94.31128411991929,1
690,15,1,94.31128411991929,1
691,11,1,97.60590806108189,1
691,13,1,97.60590806108189,1
691,11,1,97.60590803322773,1
692,11,2,94.49044057894311,1
692,12,2,94.49044057894311,1
694,3,11,100.3931707904633,1
694,3,12,100.3931707904633,1
694,3,13,100.3931707904633,1
696,13,3,99.15705913115796,1
696,11,3,99.15705913111049,1
696,12,3,99.15705913111049,1
696,13,3,99.15705913111049,1
696,14,3,99.15705913111049,1
697,1,13,100.22769307990507,1
697,1,14,100.22769307990507,1
697,1,15,100.22769307990507,1
699,6,11,107.24947008597726,1
699,6,12,107.24947008597726,1
699,6,15,107.24947008597726,1
699,6,14,107.24947008599665,1
699,7,15,107.24947008599665,1
699,7,11,107.24947008630218,1
699,7,12,107.24947008630218,1
699,7,13,107.24947008630218,1
699,8,11,107.2494706144982,1
699,8,13,107.2494706144982,1
699,8,14,107.2494706144982,1
699,8,12,107.2495524284179,1
699,11,14,99.40756445194367,1
699,11,15,99.40756445194367,1
699,12,11,99.4081488440822,1
699,13,12,99.4081488440822,1
699,14,13,99.4081488440822,1
699,15,14,99.4081488440822,1
700,11,15,99.41123748841964,1
700,11,12,99.41576153574188,1
700,12,13,99.41576153574188,1
700,12,14,99.41576153574188,1
700,14,15,99.41576153574188,1
700,14,4,99.42223533685271,1
700,15,4,99.42223533685271,2
701,11,4,99.43048372317752,2
701,12,4,99.43048372317752,1
701,12,5,99.43048372317752,1
701,14,5,99.43048372317752,2
701,15,12,99.4346784215843,1
701,15,13,99.4346784215843,1
702,12,15,99.43710182724013,1
702,12,4,99.437753940145,1
702,13,4,99.437753940145,2
702,14,5,99.437753940145,2
702,15,5,99.437753940145,1
702,15,9,99.46291215373138,1
703,1,9,103.38476712448028,1
703,1,10,103.38476712448028,1
703,11,4,99.45711168501344,2
703,13,4,99.45711168501344,1
703,13,5,99.45711168501344,1
705,4,3,94.89537494031757,3
705,5,3,94.89537494031757,2
705,6,4,108.74249743937315,3
705,6,5,108.74249743937315,1
705,7,5,108.74249743937315,2
705,7,10,108.7547504897139,1
705,7,9,108.7548485444172,1
705,8,9,108.7548485444172,1
705,8,10,108.7548485444172,2
705,8,9,108.75487305809303,1
705,11,9,99.46948730373332,1
705,11,10,99.46948730373332,1
705,12,10,99.46948730373332,1
705,12,9,99.46949137099787,1
705,15,9,99.46949137099787,1
705,15,10,99.46949137099787,1
706,4,2,98.39769025775158,3
706,5,2,98.39769025775158,2
706,4,6,90.58293288238704,3
706,5,6,90.58293288238704,1
706,5,7,90.58293288238704,2
706,11,7,90.5644899890541,1
706,14,7,90.5644899890541,1
706,11,8,90.56448998905276,1
706,12,8,90.56448998905276,1
706,13,8,90.56448998905276,1
706,15,8,90.56448998905276,1
706,11,4,99.46639644950176,2
706,12,4,99.46639644950176,1
706,12,5,99.46639644950176,1
706,13,5,99.46639644950176,2
706,14,10,99.47258629249397,1
706,14,9,99.47258704822553,1
707,11,4,99.45720722836012,2
707,13,4,99.45720722836012,1
707,13,5,99.45720722836012,1
707,14,5,99.45720722836012,2
707,15,9,99.46952397451167,1
707,15,10,99.46952397451167,1
708,3,10,102.81811826156206,1
708,3,9,102.81811845049495,1
708,11,4,99.46644478797378,2
708,12,4,99.46644478797378,1
708,12,5,99.46644478797378,1
708,13,5,99.46644478797378,2
708,14,9,99.47260334998245,1
708,14,10,99.47260334998245,1
708,15,10,99.47260334998245,1
708,15,9,99.47260340837299,1
709,12,4,99.47106375327319,2
709,14,4,99.47106375327319,1
709,14,5,99.47106375327319,1
710,11,4,99.47106375327319,2
710,12,4,99.47106375327319,1
710,12,5,99.47106375327319,1
710,15,5,99.47106375327319,2
711,1,9,100.59020377460931,1
711,1,10,100.59020377460931,2
711,1,9,100.59020378837045,1
711,11,4,99.47337323592288,2
711,12,4,99.47337323592288,1
711,12,5,99.47337323592288,1
711,15,5,99.47337323592288,2
712,4,3,99.04908393671231,3
712,5,3,99.04908393671231,1
712,11,4,99.47452798756859,2
712,12,4,99.47452798756859,1
712,12,5,99.47452798756859,1
712,13,5,99.47452798756859,2
712,14,9,99.47529782199905,1
712,14,10,99.47529782199905,1
712,15,10,99.47529782199905,1
712,15,9,99.47529886633733,1
713,4,3,96.3779753360057,1
713,11,4,99.47510614664515,2
713,12,4,99.47510614664515,1
713,12,5,99.47510614664515,1
713,14,5,99.47510614664515,2
713,15,9,99.4754915860295,1
713,15,10,99.4754915860295,1
714,11,4,99.47539522618342,2
714,12,4,99.47539522618342,1
714,12,5,99.47539522618342,1
714,13,5,99.47539522618342,2
714,15,10,99.4755879458756,1
714,15,9,99.47559619049323,1
715,1,9,101.90704264816166,1
715,1,10,101.90704264816166,2
715,11,4,99.47554594941577,2
715,12,4,99.47554594941577,1
715,12,5,99.47554594941577,1
715,13,5,99.47554594941577,2
715,14,9,99.4758019784203,2
715,15,10,99.4758019784203,2
716,4,2,95.17048225888331,3
716,5,2,95.17048225888331,2
716,12,4,99.47661543596519,2
716,13,4,99.47661543596519,1
716,13,5,99.47661543596519,1
716,14,5,99.47661543596519,2
716,15,9,99.47732842699811,2
717,13,4,99.47715017923987,2
717,14,4,99.47715017923987,1
717,14,5,99.47715017923987,1
718,13,4,99.47715017923987,2
718,15,4,99.47715017923987,1
718,15,5,99.47715017923987,1
719,13,4,99.47715017923987,2
719,14,4,99.47715017923987,1
719,14,5,99.47715017923987,1
719,15,5,99.47715017923987,2
720,4,6,89.39715341345035,3
720,5,6,89.39715341345035,2
720,5,7,89.39715341345035,1
720,13,7,89.37136311895406,1
720,15,7,89.37136311895406,1
720,12,7,89.37136309003465,1
720,13,7,89.37136309003465,1
720,14,8,89.37136309003465,1
720,15,8,89.37136309003465,1
720,11,8,89.37136299566257,1
720,12,8,89.37136299566257,1
720,13,8,89.37136299566257,1
720,11,4,99.47741755087722,2
720,12,4,99.47741755087722,1
720,12,5,99.47741755087722,1
720,14,5,99.47741755087722,2
721,11,4,99.45820842335506,2
721,12,4,99.45820842335506,1
721,12,5,99.45820842335506,1
721,13,5,99.45820842335506,2
721,14,10,99.47119275612808,2
722,11,4,99.46807331125248,2
722,12,4,99.46807331125248,1
722,12,5,99.46807331125248,1
722,14,5,99.46807331125248,2
722,15,9,99.47464990318409,2
723,11,4,99.47300575520119,2
723,12,4,99.47300575520119,1
723,12,5,99.47300575520119,1
723,14,5,99.47300575520119,2
723,15,10,99.47629405116699,2
724,11,4,99.47885519804188,2
724,12,4,99.47885519804188,1
724,12,5,99.47885519804188,1
724,13,5,99.47885519804188,2
724,15,9,99.48275482660236,2
725,13,4,99.48177991946224,2
725,15,4,99.48177991946224,1
725,15,5,99.48177991946224,1
