time,buyer,seller,price,qty
50,13,3,97.4518347686799,1
50,14,3,97.4518347686799,1
50,15,3,97.4518347686799,1
50,13,3,97.4517981501115,1
50,11,12,100.1834848674002,1
50,11,14,100.1834848674002,1
50,11,15,100.1834848674002,1
50,13,15,100.18348711031192,1
50,13,15,100.18349564501698,1
50,14,13,100.18352981877835,1
50,15,14,100.18352981877835,1
51,14,2,96.21121063681531,1
51,11,2,96.21106416254176,1
51,13,2,96.21106416254176,1
51,3,15,104.95921545256127,1
51,12,11,100.1836806155695,1
51,15,12,100.1836806155695,1
51,15,14,100.1836806155695,1
52,2,15,101.30799659780055,1
52,2,11,101.30858229688198,1
52,2,12,101.30858229688198,1
52,2,13,101.30858229688198,1
52,15,14,100.18426687447972,1
53,14,3,97.2794208356186,1
53,4,3,97.2671155068225,1
53,11,15,100.18441329925008,1
53,13,11,100.18675609557576,1
53,13,12,100.18675609557576,1
54,4,3,98.80135466867804,2
54,11,13,100.18433867484333,1
54,11,15,100.18433867484333,1
54,11,4,100.18917351630819,1
54,12,4,100.18917351630819,2
54,12,5,100.18917351630819,1
54,13,5,100.18917351630819,2
55,11,4,100.5759142586952,1
55,12,4,100.5759142586952,1
55,13,4,100.5759142586952,1
55,14,5,100.5759142586952,1
55,15,5,100.5759142586952,1
56,1,5,104.68534512832456,1
56,4,2,97.70912228589677,1
56,11,4,100.5759142586952,1
56,12,4,100.5759142586952,1
56,13,4,100.5759142586952,1
56,14,5,100.5759142586952,1
56,15,5,100.5759142586952,1
57,4,3,97.1169731294832,3
57,5,3,97.1169731294832,2
57,4,6,91.23836740131021,3
57,5,6,91.23836740131021,1
57,5,7,91.23836740131021,2
57,13,7,91.17879865073408,1
57,14,7,91.17879865073408,1
57,14,8,91.17879865073408,2
57,15,8,91.17879865073408,2
57,11,4,100.5759142586952,1
57,12,4,100.5759142586952,1
57,13,4,100.5759142586952,1
57,14,5,100.5759142586952,1
57,15,5,100.5759142586952,1
58,15,2,97.22072446762877,1
58,12,4,100.53123769576311,1
58,14,4,100.53123769576311,1
58,15,4,100.53123769576311,1
59,4,6,94.68748232213342,2
59,4,7,94.68748232213342,1
59,5,7,94.68748232213342,1
59,5,8,94.68748232213342,2
59,11,4,100.53123769576311,1
59,12,4,100.53123769576311,1
59,14,4,100.53123769576311,1
59,15,5,100.53123769576311,1
60,6,4,105.50300001639536,2
60,7,4,105.50300001639536,1
60,7,5,105.50300001639536,1
60,8,5,105.50300001639536,2
61,11,4,100.57380050998387,1
61,12,4,100.57380050998387,1
61,14,4,100.57380050998387,1
61,15,5,100.57380050998387,1
62,1,5,102.3176261596762,2
62,11,4,100.57380050998387,1
62,12,4,100.57380050998387,1
62,13,4,100.57380050998387,1
63,6,4,106.95594179769571,3
63,7,5,106.95594179769571,3
63,8,1,107.01691971407939,3
64,2,3,104.21322472952696,3
64,4,11,101.23105787679,3
64,5,12,101.23105787679,3
65,12,2,95.86206368583248,1
65,13,2,95.86206368583248,1
65,14,2,95.86206368583248,1
65,4,11,100.80568897137039,1
65,4,12,100.80568897137039,1
65,4,14,100.80568897137039,1
65,5,15,100.80568897137039,1
66,4,6,93.0146493044019,3
66,5,7,93.0146493044019,3
66,15,8,92.91343974326755,1
66,11,8,92.78241241376054,2
67,2,11,102.51488674987921,1
67,2,12,102.51488674987921,1
67,2,14,102.51488674987921,1
67,6,4,101.13778986871682,1
67,7,4,101.13778986871682,1
67,8,4,101.13778986871682,1
67,11,5,100.62607624788524,1
68,13,4,100.62607624788524,1
68,15,4,100.62607624788524,1
69,4,3,100.49850036184446,3
69,5,3,100.49850036184446,1
69,11,4,100.62607624788524,1
69,12,4,100.62607624788524,1
69,13,4,100.62607624788524,1
69,15,5,100.62607624788524,1
70,11,4,100.62607624788524,1
70,13,4,100.62607624788524,1
70,14,4,100.62607624788524,1
70,15,5,100.62607624788524,1
71,6,4,110.64329728880193,3
71,6,5,110.64329728880193,2
71,7,5,110.64329728880193,1
71,7,15,110.73912569711985,1
71,7,3,110.76834195893639,1
71,7,14,110.88091533225972,2
71,8,14,110.88091533225972,1
71,8,15,110.88091533225972,3
71,8,3,111.44807387281924,1
72,4,12,101.24412681126536,3
72,5,13,101.24412681126536,3
73,4,11,100.82202513946456,1
73,4,12,100.82202513946456,1
73,4,13,100.82202513946456,1
73,5,14,100.82202513946456,1
73,5,15,100.82202513946456,1
74,6,4,101.2672234494695,1
74,7,4,101.2672234494695,1
74,8,4,101.2672234494695,1
74,4,11,100.82202513946456,1
74,4,12,100.82202513946456,1
74,4,13,100.82202513946456,1
74,5,14,100.82202513946456,1
74,5,15,100.82202513946456,1
75,3,5,103.78836016506092,3
75,4,12,100.82202513946456,1
75,4,13,100.82202513946456,1
75,4,15,100.82202513946456,1
76,4,11,100.82202513946456,1
76,4,12,100.82202513946456,1
76,4,13,100.82202513946456,1
76,5,15,100.82202513946456,1
77,4,12,100.82202513946456,1
77,4,13,100.82202513946456,1
78,4,2,95.98452922600322,1
78,5,2,95.98452922600322,1
78,5,3,100.48184120350567,1
78,4,13,100.82202513946456,1
78,4,15,100.82202513946456,1
79,4,11,100.82202513946456,1
79,4,12,100.82202513946456,1
79,4,14,100.82202513946456,1
79,5,15,100.82202513946456,1
80,5,2,97.45106666820269,2
80,11,2,97.356391574306,1
80,13,2,97.356391574306,1
80,4,11,100.82202513946456,1
80,4,12,100.82202513946456,1
80,4,13,100.82202513946456,1
81,5,2,99.64659128172948,3
81,14,2,99.5519161878328,1
81,4,12,100.82202513946456,1
81,4,15,100.82202513946456,1
82,4,6,90.76874554255133,3
82,5,6,90.76874554255133,2
82,5,7,90.76874554255133,1
82,15,7,90.67407044865465,1
82,11,7,90.52561787318052,1
82,13,7,90.52561787318052,2
82,13,8,90.52561787318052,1
82,14,8,90.52561787318052,3
82,15,8,90.52561787318052,1
83,1,11,103.66355529553644,1
83,1,13,103.66355529553644,1
83,1,14,103.66355529553644,1
83,1,4,103.70958075890668,1
83,11,4,100.63016028990877,1
83,12,4,100.63016028990877,1
83,14,4,100.63016028990877,1
83,15,5,100.63016028990877,1
84,11,4,100.63016028990877,1
84,12,4,100.63016028990877,1
84,13,4,100.63016028990877,1
84,14,5,100.63016028990877,1
85,4,1,95.57616389976495,3
85,5,1,95.57616389976495,2
85,14,4,100.63016028990877,1
86,2,4,104.04427868670874,2
86,2,5,104.04427868670874,2
86,12,4,100.63016028990877,1
86,13,4,100.63016028990877,1
86,14,4,100.63016028990877,1
86,15,5,100.63016028990877,1
87,1,5,105.25350068218103,2
87,1,3,105.48322875967955,2
87,11,4,100.63016028990877,1
87,12,4,100.63016028990877,1
87,15,4,100.63016028990877,1
88,11,4,100.63016028990877,1
88,12,4,100.63016028990877,1
88,13,4,100.63016028990877,1
88,14,5,100.63016028990877,1
88,15,5,100.63016028990877,1
89,11,4,100.63016028990877,1
89,13,4,100.63016028990877,1
89,14,4,100.63016028990877,1
89,15,5,100.63016028990877,1
90,13,4,100.63016028990877,1
90,14,4,100.63016028990877,1
91,4,2,99.32319032990813,3
91,5,2,99.32319032990813,1
91,11,4,100.63016028990877,1
91,12,4,100.63016028990877,1
91,14,4,100.63016028990877,1
91,15,5,100.63016028990877,1
92,2,5,102.18713630171519,1
92,6,4,110.64928721710312,3
92,6,5,110.64928721710312,2
92,7,5,110.64928721710312,1
92,7,3,110.87901529460164,2
92,7,15,110.88853887737034,2
92,8,15,110.88853887737034,1
92,8,1,110.99804294433743,2
92,8,3,111.45134110643806,1
92,8,3,111.72434521160987,1
93,2,3,104.30393827997781,2
93,6,4,103.36465039464741,1
93,7,4,103.36465039464741,1
93,8,4,103.36465039464741,1
93,4,12,101.4499009006501,3
93,5,12,101.4499009006501,1
93,5,13,101.4499009006501,2
94,2,13,104.30424754474464,2
94,2,15,104.30424754474464,1
94,4,11,100.87448967231663,1
94,4,12,100.87448967231663,1
94,4,13,100.87448967231663,1
94,5,14,100.87448967231663,1
94,5,15,100.87448967231663,1
95,5,2,97.63569834002718,1
95,12,2,97.50740823823696,1
95,4,11,100.87448967231663,1
95,4,13,100.87448967231663,1
95,4,14,100.87448967231663,1
95,5,15,100.87448967231663,1
96,3,4,104.01992187156921,3
96,4,11,100.87448967231663,1
96,4,13,100.87448967231663,1
96,4,15,100.87448967231663,1
97,5,3,98.73130213831502,2
97,4,11,100.87448967231663,1
97,4,12,100.87448967231663,1
97,4,13,100.87448967231663,1
97,5,14,100.87448967231663,1
97,5,15,100.87448967231663,1
98,3,4,102.60771045517767,3
98,3,5,102.60771045517767,2
98,4,12,100.87448967231663,1
98,4,13,100.87448967231663,1
99,4,3,97.72090441104145,1
99,5,3,97.72090441104145,3
99,13,3,97.59261430925122,1
99,4,11,100.45909375502882,3
99,5,11,100.45909375502882,3
99,14,11,100.3308036532386,1
99,15,11,100.1809897304233,2
99,1,12,100.0231552392971,2
100,1,12,104.94038636157295,1
100,2,12,104.35140296437658,2
100,4,12,99.70984658001747,3
100,5,12,99.70984658001747,1
100,5,14,99.70984658001747,2
100,3,14,99.68925802161863,2
100,3,15,99.68925802161863,1
100,2,15,99.55755807083781,3
101,2,3,96.44045410765523,2
101,2,3,96.37938051673979,3
101,4,11,99.59563019813271,3
101,5,12,99.59563019813271,3
101,2,14,99.45841235262745,2
102,4,3,99.25738068107627,3
102,5,3,99.25738068107627,2
102,5,11,99.22212728939894,1
103,3,11,99.133088480492,1
103,3,12,99.133088480492,1
103,3,13,99.133088480492,1
103,4,14,99.12875156221551,1
104,4,1,95.97068413509515,2
104,5,1,95.97068413509515,2
104,5,2,97.46021849854395,1
104,1,2,97.32288335486365,4
104,4,11,99.12549887350814,1
104,4,13,99.12549887350814,1
104,4,14,99.12549887350814,1
104,5,15,99.12549887350814,1
105,4,13,99.12387252915445,1
105,4,14,99.12387252915445,1
105,4,15,99.12387252915445,1
106,4,12,99.12305935697762,1
106,4,13,99.12305935697762,1
107,6,13,104.36676897198424,1
107,6,15,104.36676897198424,1
107,7,4,104.36704002937651,2
107,8,4,104.36704002937651,1
107,8,5,104.36704002937651,1
107,4,11,99.12265277088919,1
107,4,14,99.12265277088919,1
108,2,5,103.85723115024672,2
108,4,11,99.12265277088919,1
108,4,15,99.12265277088919,1
109,6,4,109.08419020122986,3
109,6,5,109.08419020122986,2
109,7,5,109.08419020122986,1
109,7,14,109.20842011341551,1
109,7,12,109.49624129904754,3
109,8,12,109.49624129904754,1
109,8,13,109.49624129904754,4
109,4,11,99.12265277088919,1
109,4,12,99.12265277088919,1
109,4,14,99.12265277088919,1
109,5,15,99.12265277088919,1
110,4,11,99.43169109425244,2
110,4,12,99.43169109425244,1
110,5,12,99.43169109425244,1
110,5,13,99.43169109425244,2
111,3,15,99.4716684689795,2
111,3,4,99.60811047366278,1
111,11,4,99.02895801479801,1
111,12,4,99.02895801479801,1
111,14,4,99.02895801479801,1
112,11,4,99.02895801479801,1
112,12,4,99.02895801479801,1
112,13,4,99.02895801479801,1
112,15,5,99.02895801479801,1
113,4,6,98.15504414748929,1
113,4,7,98.15504414748929,1
113,4,8,98.15504414748929,1
113,11,4,99.02895801479801,1
113,13,4,99.02895801479801,1
113,15,4,99.02895801479801,1
114,5,1,94.1244399841496,3
114,11,4,99.02895801479801,1
114,12,4,99.02895801479801,1
114,14,4,99.02895801479801,1
114,15,5,99.02895801479801,1
115,1,5,99.64789370966241,2
115,1,13,100.13907464487423,3
115,11,4,99.02895801479801,1
115,14,4,99.02895801479801,1
115,15,4,99.02895801479801,1
116,4,1,97.35491352873102,2
116,4,3,97.63079606471887,1
116,5,3,97.63079606471887,1
116,6,4,108.91010455896279,3
116,6,5,108.91010455896279,2
116,7,5,108.91010455896279,1
116,7,13,109.4012854941746,2
116,7,14,109.4012854941746,2
116,8,14,109.4012854941746,5
117,11,1,94.84919063994502,1
117,12,1,94.84919063994502,1
117,14,1,94.84919063994502,1
117,15,1,94.84919063994502,1
117,4,11,99.39569548255801,2
117,4,12,99.39569548255801,1
117,5,12,99.39569548255801,1
117,5,13,99.39569548255801,2
118,1,2,95.12501966833076,5
118,11,4,99.01995911187441,1
118,13,4,99.01995911187441,1
118,15,4,99.01995911187441,1
119,13,4,99.01995911187441,1
119,14,4,99.01995911187441,1
119,15,4,99.01995911187441,1
120,1,5,102.19347745793726,1
120,4,2,95.59007148613904,3
120,5,2,95.59007148613904,2
120,13,4,99.01995911187441,1
120,14,4,99.01995911187441,1
120,15,4,99.01995911187441,1
121,2,5,100.12173004192157,3
121,2,15,100.26444415492551,1
121,12,4,99.01995911187441,1
122,11,4,99.01995911187441,1
122,12,4,99.01995911187441,1
122,14,4,99.01995911187441,1
123,1,5,101.47666541181488,3
123,1,15,101.61937952481883,1
123,1,14,101.97384561564243,1
123,11,4,99.01995911187441,1
123,12,4,99.01995911187441,1
123,13,4,99.01995911187441,1
123,14,5,99.01995911187441,1
123,15,5,99.01995911187441,1
124,11,4,99.01995911187441,1
124,12,4,99.01995911187441,1
124,13,4,99.01995911187441,1
124,14,5,99.01995911187441,1
124,15,5,99.01995911187441,1
125,4,3,96.8803432666679,3
125,5,3,96.8803432666679,1
125,6,4,108.89690616800817,3
125,6,5,108.89690616800817,2
125,7,5,108.89690616800817,1
125,7,14,109.3940863718357,1
125,7,15,109.3940863718357,3
125,8,15,109.3940863718357,5
126,1,3,96.32545351985733,3
126,4,13,99.3934457568271,2
127,3,4,101.58194243313406,3
127,3,5,101.58194243313406,1
127,4,12,99.3934457568271,2
127,4,13,99.3934457568271,1
127,5,13,99.3934457568271,1
128,5,3,97.37358002023704,1
128,4,11,99.3934457568271,2
128,4,12,99.3934457568271,1
128,5,12,99.3934457568271,1
128,5,13,99.3934457568271,2
129,1,11,99.2342917932623,1
129,4,12,99.22373724336333,1
129,4,15,99.22373724336333,1
130,4,12,99.2158213309391,1
130,4,13,99.2158213309391,1
130,4,14,99.2158213309391,1
131,4,6,94.31660026196292,2
131,4,7,94.31660026196292,1
131,5,7,94.31660026196292,1
131,5,8,94.31660026196292,2
133,2,11,100.01320804989075,1
133,2,12,100.01320804989075,1
133,2,13,100.01320804989075,1
133,6,4,104.41839516479945,2
133,7,4,104.41839516479945,1
133,7,5,104.41839516479945,1
133,8,5,104.41839516479945,2
135,11,1,97.40495108599679,1
135,12,1,97.40495108599679,1
135,13,1,97.40495108599679,1
135,14,1,97.40495108599679,1
135,15,1,97.40495108599679,1
137,2,11,103.59747212294704,1
137,2,12,103.59747212294704,1
138,6,13,108.97956678823374,1
138,6,14,108.97956678823374,1
138,6,15,108.97956678823374,1
138,6,11,108.98165206532659,1
138,6,12,108.98165206532659,1
138,7,13,108.98165206532659,1
138,7,14,108.98165206532659,1
138,7,15,108.98165206532659,1
138,7,4,108.9916106338697,2
138,8,4,108.9916106338697,1
138,8,5,108.9916106338697,3
138,8,11,109.02999989311411,1
139,11,1,94.82774662030224,1
139,12,1,94.82774662030224,1
139,13,1,94.82774662030224,1
139,12,1,94.82717888540336,1
139,13,1,94.82717888540336,1
139,6,4,100.07932385967925,1
139,7,4,100.07932385967925,1
139,8,4,100.07932385967925,1
139,4,11,99.09778096843259,1
139,4,12,99.09778096843259,1
139,4,13,99.09778096843259,1
139,5,14,99.09778096843259,1
139,5,15,99.09778096843259,1
140,5,2,95.13868795751151,1
140,14,2,95.12523138325784,1
140,11,2,95.12296044366235,1
140,4,11,99.09778096843259,1
140,4,12,99.09778096843259,1
140,4,13,99.09778096843259,1
140,5,14,99.09778096843259,1
140,5,15,99.09778096843259,1
141,1,4,102.32852497727086,2
141,3,4,102.48609711646515,1
141,4,11,99.09778096843259,1
141,4,12,99.09778096843259,1
141,4,13,99.09778096843259,1
141,5,15,99.09778096843259,1
142,5,2,95.41873618495433,2
142,12,2,95.40300867110516,1
142,13,2,95.40300867110516,1
142,12,2,95.38432360335827,1
142,4,11,99.09778096843259,1
142,4,13,99.09778096843259,1
142,4,14,99.09778096843259,1
143,5,3,94.4451517447134,3
143,14,3,94.41073916311734,1
143,4,11,99.09778096843259,1
143,4,12,99.09778096843259,1
143,4,13,99.09778096843259,1
143,5,15,99.09778096843259,1
144,4,11,99.09778096843259,1
144,4,12,99.09778096843259,1
144,4,13,99.09778096843259,1
144,5,14,99.09778096843259,1
145,1,4,99.9637689286966,1
145,4,11,99.09778096843259,1
145,4,12,99.09778096843259,1
145,4,13,99.09778096843259,1
145,5,14,99.09778096843259,1
145,5,15,99.09778096843259,1
146,4,11,99.09778096843259,1
146,4,12,99.09778096843259,1
146,4,13,99.09778096843259,1
146,5,15,99.09778096843259,1
147,5,3,97.00770139615668,2
147,15,3,96.97328881456062,1
147,2,3,96.65096397668808,1
147,1,3,96.56446227199842,1
147,4,11,99.09778096843259,1
147,4,12,99.09778096843259,1
147,4,14,99.09778096843259,1
147,5,15,99.09778096843259,1
148,5,3,94.80366717604707,2
148,1,3,94.21573531601047,1
148,1,3,93.37717050653427,1
148,4,12,99.09778096843259,1
148,4,13,99.09778096843259,1
148,4,14,99.09778096843259,1
149,2,4,100.77196319980209,3
149,4,6,89.19812763805832,3
149,5,6,89.19812763805832,2
149,5,7,89.19812763805832,1
149,1,7,87.77163096854552,2
149,3,7,87.7260839631801,2
149,3,8,87.7260839631801,2
149,3,8,87.70904751340183,1
149,1,8,87.58695589587629,2
149,11,4,99.40918610289589,3
149,11,5,99.40918610289589,2
149,12,5,99.40918610289589,1
149,13,12,99.42207494225067,1
149,14,13,99.42207494225067,1
149,14,15,99.42207494225067,1
149,15,14,99.48260240295073,2
150,1,3,95.82405380695153,1
150,11,4,98.25586952130047,3
150,11,5,98.25586952130047,3
151,3,2,103.23033900248537,4
151,11,4,99.38876770968167,3
151,11,5,99.38876770968167,2
151,12,5,99.38876770968167,1
151,12,15,99.47579627187932,2
152,1,15,101.74307985837189,1
152,11,4,99.94025560797385,1
152,13,4,99.94025560797385,1
152,15,4,99.94025560797385,1
153,4,2,95.00152240913229,3
153,12,4,99.94025560797385,1
153,13,4,99.94025560797385,1
153,14,4,99.94025560797385,1
153,15,5,99.94025560797385,1
154,1,5,104.17280409058101,2
154,11,4,99.94025560797385,1
154,13,4,99.94025560797385,1
154,15,4,99.94025560797385,1
155,11,4,99.94025560797385,1
155,12,4,99.94025560797385,1
155,14,4,99.94025560797385,1
155,15,5,99.94025560797385,1
156,11,4,99.94025560797385,1
156,12,4,99.94025560797385,1
156,13,4,99.94025560797385,1
156,15,5,99.94025560797385,1
157,4,1,95.82937644131198,3
157,2,5,102.2620455977493,1
157,4,6,99.14683044411106,1
157,4,7,99.14683044411106,1
157,4,8,99.14683044411106,1
157,11,4,99.94025560797385,1
157,12,4,99.94025560797385,1
157,15,4,99.94025560797385,1
158,2,5,102.00323908514937,3
158,2,1,102.11888013412106,1
158,3,1,102.44825813804361,1
158,3,1,102.45872928156811,3
158,4,6,98.62650968506915,1
158,4,7,98.62650968506915,1
158,4,8,98.62650968506915,1
158,11,4,99.94025560797385,1
158,12,4,99.94025560797385,1
158,13,4,99.94025560797385,1
158,14,5,99.94025560797385,1
158,15,5,99.94025560797385,1
159,5,1,98.53048459699144,3
159,12,2,95.97216699915435,1
159,4,6,90.29320168264601,3
159,5,6,90.29320168264601,1
159,5,7,90.29320168264601,2
159,12,7,90.21861571990925,1
159,13,7,90.21861571990925,1
159,13,8,90.21861571990925,4
159,11,4,99.94025560797385,1
159,12,4,99.94025560797385,1
159,14,4,99.94025560797385,1
159,15,5,99.94025560797385,1
160,11,4,99.601091588826,3
160,11,5,99.601091588826,1
160,13,5,99.601091588826,2
161,13,2,95.6674389385073,2
161,15,2,95.6674389385073,2
161,12,4,100.08338809879034,1
161,13,4,100.08338809879034,1
161,15,4,100.08338809879034,1
162,4,3,95.32540498035577,3
162,5,3,95.32540498035577,2
162,11,4,100.08338809879034,1
162,14,4,100.08338809879034,1
162,15,4,100.08338809879034,1
163,12,4,100.08338809879034,1
163,13,4,100.08338809879034,1
163,14,4,100.08338809879034,1
164,4,6,90.00717003313167,3
164,5,6,90.00717003313167,2
164,5,7,90.00717003313167,1
164,15,7,89.90793703623203,2
164,11,7,89.4595296803902,2
164,11,8,89.4595296803902,5
164,11,4,100.08338809879034,1
164,12,4,100.08338809879034,1
165,2,4,100.50570206041678,1
165,6,4,109.43413676358976,3
165,6,5,109.43413676358976,2
165,7,5,109.43413676358976,1
165,7,1,109.80718993686013,4
165,8,2,110.00375918163516,2
165,8,3,110.11183899978212,2
165,8,2,110.12034710786013,1
166,1,4,100.462983238759,3
166,1,5,100.462983238759,2
166,4,11,100.34771414656629,1
166,4,12,100.34771414656629,1
166,4,14,100.34771414656629,1
166,5,15,100.34771414656629,1
167,4,11,100.34771414656629,1
167,4,13,100.34771414656629,1
168,4,1,96.9745347328423,1
168,5,1,96.9745347328423,3
168,2,4,101.7117396932349,1
168,4,11,100.34771414656629,1
168,4,13,100.34771414656629,1
168,4,14,100.34771414656629,1
169,4,12,100.34771414656629,1
169,4,13,100.34771414656629,1
169,4,15,100.34771414656629,1
170,2,4,103.73728034483311,3
170,2,5,103.73728034483311,2
170,4,6,96.61132827457922,1
170,4,7,96.61132827457922,1
170,4,8,96.61132827457922,1
170,5,12,100.34771414656629,1
170,5,13,100.34771414656629,1
170,5,14,100.34771414656629,1
171,11,4,100.12658580422803,1
171,12,4,100.12658580422803,1
171,13,4,100.12658580422803,1
171,15,5,100.12658580422803,1
172,12,4,100.12658580422803,1
172,14,4,100.12658580422803,1
172,15,4,100.12658580422803,1
173,11,4,100.12658580422803,1
173,12,4,100.12658580422803,1
173,14,4,100.12658580422803,1
174,4,2,96.36801278547398,1
174,4,3,97.1884640010694,2
174,12,4,100.12658580422803,1
174,15,4,100.12658580422803,1
175,4,2,96.13547676696031,3
175,5,2,96.13547676696031,1
175,11,4,100.12658580422803,1
175,13,4,100.12658580422803,1
175,14,4,100.12658580422803,1
175,15,5,100.12658580422803,1
176,4,3,96.11692994550651,3
176,5,3,96.11692994550651,2
176,11,4,100.12658580422803,1
176,12,4,100.12658580422803,1
176,13,4,100.12658580422803,1
176,14,5,100.12658580422803,1
177,13,4,100.12658580422803,1
177,14,4,100.12658580422803,1
177,15,4,100.12658580422803,1
178,4,6,93.81023534908078,3
178,5,7,93.81023534908078,3
178,11,8,93.70605929702545,3
178,14,4,100.12658580422803,1
178,15,4,100.12658580422803,1
179,6,4,107.3075703677001,3
179,7,5,107.3075703677001,3
179,8,15,107.4638344457831,1
179,8,2,107.79200556890083,2
180,4,11,100.44166312930437,1
180,4,12,100.44166312930437,1
180,4,13,100.44166312930437,1
180,5,14,100.44166312930437,1
180,5,15,100.44166312930437,1
181,4,11,100.44166312930437,1
181,4,12,100.44166312930437,1
181,4,13,100.44166312930437,1
181,5,14,100.44166312930437,1
182,5,2,96.29322799779135,2
182,4,13,100.44166312930437,1
182,4,14,100.44166312930437,1
182,4,15,100.44166312930437,1
183,5,1,97.09984566928826,3
183,2,4,104.90452239772739,3
183,2,5,104.90452239772739,1
183,3,5,101.32339637113388,2
183,3,2,101.52902532958936,1
183,4,12,100.44166312930437,1
183,4,13,100.44166312930437,1
183,4,14,100.44166312930437,1
183,5,15,100.44166312930437,1
184,4,11,100.44166312930437,1
184,4,13,100.44166312930437,1
184,4,15,100.44166312930437,1
185,4,12,100.44166312930437,1
185,4,13,100.44166312930437,1
185,4,14,100.44166312930437,1
185,5,15,100.44166312930437,1
186,2,4,103.8608681971039,2
186,4,11,100.44166312930437,1
186,4,13,100.44166312930437,1
187,4,11,100.44166312930437,1
187,4,12,100.44166312930437,1
187,4,13,100.44166312930437,1
187,5,15,100.44166312930437,1
188,5,2,98.48114415597115,2
188,12,2,98.27551519751566,1
188,13,2,98.27551519751566,1
188,4,6,90.68516189246759,3
188,5,6,90.68516189246759,1
188,5,7,90.68516189246759,2
188,14,7,90.4795329340121,1
188,15,7,90.4795329340121,1
188,1,8,90.43728324579273,4
189,3,11,102.41959138939859,1
189,3,13,102.41959138939859,1
189,3,14,102.41959138939859,1
189,3,4,102.51081722648146,1
190,11,1,97.20763193168658,1
190,12,1,97.20763193168658,1
190,13,3,96.953962986142,1
190,14,3,96.953962986142,1
190,15,3,96.953962986142,1
190,4,3,96.93541270228543,1
190,6,4,100.97351382291876,1
190,7,4,100.97351382291876,1
190,8,4,100.97351382291876,1
191,2,5,102.26469799560842,1
192,12,2,96.68426690850453,1
192,14,2,96.68426690850453,1
192,15,2,96.68426690850453,1
192,6,11,102.86836003744281,1
192,7,13,102.86836003744281,1
192,8,15,102.86836003744281,1
193,1,11,104.63512799203967,1
193,1,12,104.63512799203967,1
195,12,2,97.47788960143947,1
195,13,2,97.47788960143947,1
195,11,2,97.4755968477237,1
195,12,2,97.4755968477237,1
195,13,2,97.4755968477237,1
196,11,3,97.18714716844286,1
196,13,3,97.18714716844286,1
196,15,3,97.18714716844286,1
196,15,3,97.18428122629817,1
196,4,3,97.17451050166974,1
199,12,11,99.96516252980918,1
199,13,11,99.96516252980918,1
199,14,11,99.96516252980918,1
199,15,11,99.96516252980918,1
199,12,11,99.96282085178859,1
199,14,13,99.96282085178859,1
199,15,13,99.96282085178859,1
199,4,13,99.95305501959064,3
199,5,14,99.95305501959064,3
199,1,14,99.86301390652886,1
199,12,14,99.77999828443083,1
199,12,15,99.77999828443083,2
199,14,15,99.77999828443083,3
200,6,4,104.75491176963689,2
200,7,4,104.75491176963689,1
200,7,5,104.75491176963689,1
200,8,5,104.75491176963689,2
200,4,11,99.69528253351524,3
200,5,12,99.69528253351524,3
201,6,13,102.97405346605673,1
201,7,13,102.97405346605673,1
201,8,13,102.97405346605673,1
201,2,11,99.45104783683928,1
201,2,14,99.45104783683928,1
201,4,15,99.4418008849825,1
202,4,13,99.43486567108991,1
202,4,14,99.43486567108991,1
202,4,15,99.43486567108991,1
203,4,11,99.43139806414361,1
204,3,14,99.7593577891127,3
204,3,15,99.7593577891127,2
204,4,11,99.42966426067046,1
204,4,12,99.42966426067046,1
205,4,1,98.2206921638365,1
205,4,11,99.42879735893389,1
205,4,12,99.42879735893389,1
205,4,13,99.42879735893389,1
205,5,15,99.42879735893389,1
206,5,1,96.86214197855489,2
206,3,1,96.6894577654894,3
206,3,15,103.29042042095361,1
206,3,4,103.29099835544466,1
206,4,11,99.4283639080656,1
206,4,12,99.4283639080656,1
206,4,13,99.4283639080656,1
206,5,15,99.4283639080656,1
207,2,4,102.36247633875342,3
207,2,5,102.36247633875342,1
207,4,11,99.4283639080656,1
207,4,13,99.4283639080656,1
207,4,14,99.4283639080656,1
207,5,15,99.4283639080656,1
208,5,1,96.52215713660016,2
208,12,1,96.22663170481245,2
208,4,6,89.55336317541492,3
208,5,6,89.55336317541492,2
208,5,7,89.55336317541492,1
208,12,7,89.25783774362719,4
208,12,8,89.25783774362719,5
209,11,4,99.16477345242828,1
209,12,4,99.16477345242828,1
209,14,4,99.16477345242828,1
210,2,5,101.819297600724,3
210,2,11,101.92242939542015,1
210,6,4,104.5698327689498,2
210,7,4,104.5698327689498,1
210,7,5,104.5698327689498,1
210,8,5,104.5698327689498,2
211,11,1,97.74522126645272,1
211,6,4,109.20719577183687,3
211,6,5,109.20719577183687,2
211,7,5,109.20719577183687,1
211,7,13,109.24279418110976,1
211,7,14,109.24279418110976,1
211,7,15,109.24279418110976,1
211,7,11,109.66974258763665,1
211,8,12,109.66974258763665,1
211,8,13,109.66974258763665,1
211,8,14,109.66974258763665,1
211,8,15,109.66974258763665,1
211,8,13,109.6698991454121,1
211,4,11,99.24107353056317,1
211,4,12,99.24107353056317,1
211,4,13,99.24107353056317,1
211,5,15,99.24107353056317,1
212,4,11,99.58810106074459,2
212,4,12,99.58810106074459,1
212,5,12,99.58810106074459,1
212,5,14,99.58810106074459,2
213,12,2,96.2148742770106,1
213,3,4,101.70882187631493,1
213,6,4,106.59134377607026,3
213,7,5,106.59134377607026,3
213,8,15,106.95617051088813,1
213,8,3,107.38757049388275,2
213,4,12,99.38788848869922,1
213,4,13,99.38788848869922,1
213,4,14,99.38788848869922,1
214,5,1,96.52072633863654,3
214,13,1,96.38725129060629,1
214,14,1,96.38725129060629,1
214,12,3,95.59469904475219,1
214,4,11,99.98505852705858,3
214,5,11,99.98505852705858,2
214,5,12,99.98505852705858,1
215,3,12,103.16137555406571,4
215,3,13,103.16137555406571,1
215,4,12,99.2789471071765,1
215,4,13,99.2789471071765,1
215,4,14,99.2789471071765,1
215,5,15,99.2789471071765,1
216,5,1,97.86817039907055,1
216,4,11,99.2789471071765,1
216,4,13,99.2789471071765,1
216,4,14,99.2789471071765,1
216,5,15,99.2789471071765,1
217,2,4,103.26863404510514,2
217,4,11,99.2789471071765,1
217,4,12,99.2789471071765,1
217,4,13,99.2789471071765,1
217,5,14,99.2789471071765,1
218,4,11,99.2789471071765,1
218,4,12,99.2789471071765,1
218,4,14,99.2789471071765,1
218,5,15,99.2789471071765,1
219,2,4,100.88896291961323,3
219,2,5,100.88896291961323,2
219,4,12,99.2789471071765,1
219,4,13,99.2789471071765,1
219,4,14,99.2789471071765,1
219,5,15,99.2789471071765,1
220,5,1,94.82689767746339,2
220,12,1,94.63098344626842,1
220,13,1,94.63098344626842,2
220,13,2,94.94291961843462,5
220,4,11,99.2789471071765,1
220,4,12,99.2789471071765,1
220,4,14,99.2789471071765,1
220,5,15,99.2789471071765,1
221,5,1,96.26837102977595,2
221,13,1,96.07245679858097,1
221,13,2,95.10837506141732,5
221,4,11,99.2789471071765,1
222,4,6,93.11658534650417,3
222,5,7,93.11658534650417,3
222,14,8,92.92067111530918,3
223,11,4,99.12741925220601,1
223,13,4,99.12741925220601,1
223,15,4,99.12741925220601,1
224,12,4,99.12741925220601,1
224,13,4,99.12741925220601,1
224,14,4,99.12741925220601,1
224,15,5,99.12741925220601,1
225,4,6,93.39991860927603,2
225,4,7,93.39991860927603,1
225,5,7,93.39991860927603,1
225,5,8,93.39991860927603,2
225,13,4,99.12741925220601,1
225,15,4,99.12741925220601,1
226,14,3,98.69938143576164,3
226,11,4,99.06874750629503,1
226,13,4,99.06874750629503,1
226,14,4,99.06874750629503,1
227,12,4,99.06874750629503,1
227,13,4,99.06874750629503,1
227,14,4,99.06874750629503,1
227,15,5,99.06874750629503,1
228,13,4,99.06874750629503,1
228,14,4,99.06874750629503,1
229,4,2,94.83189032045252,3
229,5,2,94.83189032045252,2
229,11,4,99.06874750629503,1
229,13,4,99.06874750629503,1
229,15,4,99.06874750629503,1
230,4,1,96.19493528085562,3
230,5,1,96.19493528085562,2
230,3,5,99.60242333818823,3
230,3,11,99.71976683001019,1
230,6,4,102.64266087889041,1
230,7,4,102.64266087889041,1
230,8,4,102.64266087889041,1
230,11,5,99.06874750629503,1
230,12,5,99.06874750629503,1
230,13,5,99.06874750629503,1
231,1,14,102.43100370020824,1
231,2,13,99.8947737202409,2
231,14,3,96.76942731905085,1
231,15,3,96.76942731905085,1
231,4,3,96.70548369418938,2
232,3,4,101.84260311907721,3
232,3,5,101.84260311907721,1
233,1,4,102.54633479981983,1
235,11,3,94.9160469090806,1
235,12,3,94.9160469090806,1
235,15,3,94.9160469090806,1
238,12,2,98.66784052861281,1
238,13,2,98.66784052861281,1
238,14,2,98.66784052861281,1
238,6,11,108.04274689531277,1
238,6,12,108.04274689531277,1
238,6,13,108.04274689531277,1
238,6,15,108.04274689531277,1
238,7,11,108.0428636731288,1
238,7,12,108.0428636731288,1
238,7,14,108.0428636731288,1
238,7,15,108.0428636731288,1
238,8,11,108.04474917804507,1
238,8,13,108.04474917804507,1
238,8,14,108.04474917804507,1
238,8,4,108.05521143547148,1
239,6,4,109.15786554318932,3
239,6,5,109.15786554318932,2
239,7,5,109.15786554318932,1
239,7,13,109.4014516566633,2
239,7,14,109.4014516566633,2
239,8,14,109.4014516566633,3
239,8,3,110.07439173096262,2
241,11,1,95.27183884591187,1
241,13,1,95.27183884591187,1
241,14,1,95.27183884591187,1
241,15,1,95.27183884591187,1
241,15,1,95.27179712068329,1
243,11,6,89.2895492541776,1
243,12,6,89.2895492541776,1
243,13,6,89.2895492541776,1
243,11,6,89.28925223694877,1
243,12,6,89.28925223694877,1
243,13,7,89.28925223694877,1
243,14,7,89.28925223694877,1
243,15,7,89.28925223694877,1
243,11,7,89.28346206060446,1
243,12,7,89.28346206060446,1
243,13,8,89.28346206060446,1
243,14,8,89.28346206060446,1
243,15,8,89.28346206060446,1
243,4,8,89.27716311067455,2
244,4,2,98.03436872091793,1
244,5,3,97.02673512043559,2
246,12,6,94.10383847702082,1
246,13,6,94.10383847702082,1
246,14,7,94.10383847702082,1
246,15,7,94.10383847702082,1
246,11,8,94.1015071027051,1
246,15,8,94.1015071027051,1
247,3,11,104.11633841009035,1
248,11,6,94.68590406992713,1
248,12,6,94.68590406992713,1
248,14,7,94.68590406992713,1
248,11,7,94.6857583590324,1
248,12,8,94.6857583590324,1
248,13,8,94.6857583590324,1
249,11,12,99.35047567664185,1
249,11,13,99.35047567664185,1
249,13,14,99.35047567664185,1
249,13,15,99.35047567664185,1
249,14,11,99.35062931469128,1
249,14,13,99.35062931469128,1
250,13,14,99.35066772420362,1
250,13,11,99.35125317222024,1
250,14,12,99.35125317222024,1
250,14,13,99.35125317222024,1
250,15,14,99.35125317222024,1
250,15,11,99.35359496428671,1
251,3,13,103.25400954414872,1
251,3,14,103.25400954414872,1
251,3,15,103.25400954414872,1
251,11,4,99.3651760835962,2
251,13,4,99.3651760835962,1
251,13,5,99.3651760835962,1
252,14,6,93.32679945361986,1
252,15,6,93.32679945361986,1
252,4,7,93.32137479897551,2
252,4,8,93.32137479897551,1
252,5,8,93.32137479897551,1
252,11,4,99.37331306556271,2
252,12,4,99.37331306556271,1
252,12,5,99.37331306556271,1
252,13,5,99.37331306556271,2
253,4,11,99.88242028654771,1
253,4,13,99.88242028654771,1
254,3,4,103.1857794978709,2
254,6,4,109.94266085917573,3
254,6,5,109.94266085917573,2
254,7,5,109.94266085917573,1
254,7,3,110.29873233983238,4
254,8,3,110.29873233983238,1
254,8,3,110.50246190331883,1
254,8,2,110.53375410858987,3
254,4,12,99.88242028654771,1
254,4,13,99.88242028654771,1
254,4,14,99.88242028654771,1
255,4,2,100.36373860517263,2
255,4,11,100.32574022360832,1
255,5,11,100.32574022360832,2
255,5,12,100.32574022360832,1
256,12,4,99.64300514792308,1
256,13,4,99.64300514792308,1
256,14,4,99.64300514792308,1
257,4,3,98.80626660869476,2
257,11,4,99.64300514792308,1
257,13,4,99.64300514792308,1
257,14,4,99.64300514792308,1
258,1,5,103.45156184564442,3
258,2,12,103.30547001697184,2
258,11,4,99.64300514792308,1
258,12,4,99.64300514792308,1
258,13,4,99.64300514792308,1
258,14,5,99.64300514792308,1
258,15,5,99.64300514792308,1
259,11,4,99.64300514792308,1
259,12,4,99.64300514792308,1
260,11,4,99.64300514792308,1
260,12,4,99.64300514792308,1
260,13,4,99.64300514792308,1
260,14,5,99.64300514792308,1
261,1,5,104.50771482507247,2
261,1,15,104.77767531107887,1
261,12,4,99.64300514792308,1
261,13,4,99.64300514792308,1
262,4,2,98.82561339352115,3
262,5,2,98.82561339352115,1
262,11,4,99.64300514792308,1
262,12,4,99.64300514792308,1
262,13,4,99.64300514792308,1
263,11,4,99.64300514792308,1
263,13,4,99.64300514792308,1
263,14,4,99.64300514792308,1
264,4,1,94.72314560283876,1
264,12,4,99.64300514792308,1
264,14,4,99.64300514792308,1
264,15,4,99.64300514792308,1
265,4,1,95.14515276072473,3
265,5,1,95.14515276072473,1
265,4,6,97.16433142680344,1
265,4,7,97.16433142680344,1
265,4,8,97.16433142680344,1
265,11,4,99.64300514792308,1
265,12,4,99.64300514792308,1
265,14,4,99.64300514792308,1
265,15,5,99.64300514792308,1
266,12,4,99.64300514792308,1
266,13,4,99.64300514792308,1
266,14,4,99.64300514792308,1
266,15,5,99.64300514792308,1
267,11,4,99.64300514792308,1
267,12,4,99.64300514792308,1
267,14,4,99.64300514792308,1
268,12,4,99.64300514792308,1
268,13,4,99.64300514792308,1
268,14,4,99.64300514792308,1
268,15,5,99.64300514792308,1
269,4,1,94.93985567472635,1
269,12,4,99.64300514792308,1
269,13,4,99.64300514792308,1
269,14,4,99.64300514792308,1
269,15,5,99.64300514792308,1
270,4,1,95.61355204253651,3
270,5,1,95.61355204253651,2
270,11,4,99.64300514792308,1
270,12,4,99.64300514792308,1
270,15,4,99.64300514792308,1
271,4,1,95.97891420333113,1
271,3,5,102.55175524328703,1
271,11,4,99.64300514792308,1
271,13,4,99.64300514792308,1
272,4,1,97.58368311137119,3
272,5,1,97.58368311137119,1
272,2,4,101.86509696506539,1
272,12,4,99.64300514792308,1
272,13,4,99.64300514792308,1
272,14,4,99.64300514792308,1
272,15,5,99.64300514792308,1
273,11,4,99.64300514792308,1
273,12,4,99.64300514792308,1
273,13,4,99.64300514792308,1
274,11,4,99.64300514792308,1
274,12,4,99.64300514792308,1
274,13,4,99.64300514792308,1
274,14,5,99.64300514792308,1
274,15,5,99.64300514792308,1
275,11,4,99.64300514792308,1
275,12,4,99.64300514792308,1
275,13,4,99.64300514792308,1
275,14,5,99.64300514792308,1
275,15,5,99.64300514792308,1
276,4,2,95.38733937309054,3
276,3,5,102.85512189182654,1
276,3,15,103.12508237783294,1
276,11,4,99.64300514792308,1
276,13,4,99.64300514792308,1
276,14,4,99.64300514792308,1
276,15,5,99.64300514792308,1
277,4,1,96.86029351222304,2
277,11,4,99.64300514792308,1
277,14,4,99.64300514792308,1
278,4,6,91.98400363747352,3
278,5,7,91.98400363747352,3
278,2,8,91.71404315146711,2
278,14,8,91.65531290401043,1
278,11,4,99.64300514792308,1
278,12,4,99.64300514792308,1
278,14,4,99.64300514792308,1
278,15,5,99.64300514792308,1
279,3,5,104.26756572582656,2
279,11,4,99.39648709782577,2
279,12,4,99.39648709782577,1
279,12,5,99.39648709782577,1
279,14,5,99.39648709782577,2
280,4,12,99.80313259548706,1
280,4,13,99.80313259548706,1
280,4,15,99.80313259548706,1
281,5,3,97.35768845067295,2
281,4,11,99.80313259548706,1
281,4,12,99.80313259548706,1
281,4,13,99.80313259548706,1
281,5,15,99.80313259548706,1
282,5,2,99.76398474492223,2
282,4,2,99.76398474492223,2
282,4,11,99.80313259548706,1
282,5,12,99.80313259548706,1
282,5,15,99.80313259548706,1
283,5,1,99.69437130825258,1
283,15,3,96.2609818968071,1
283,4,1,99.69437130825258,3
283,5,11,99.80313259548706,1
283,5,15,99.80313259548706,1
284,5,2,96.26221895878021,1
284,15,2,96.1156767711498,1
284,14,2,95.81010992694115,3
284,3,4,104.2091544256177,3
284,4,6,89.83521365550735,3
284,5,6,89.83521365550735,2
284,5,7,89.83521365550735,1
284,14,7,89.38310462366827,3
284,15,7,89.38310462366827,1
284,15,8,89.38310462366827,5
285,15,3,95.93449450201673,3
285,11,4,99.46830555530025,2
285,12,4,99.46830555530025,1
285,12,5,99.46830555530025,1
285,14,5,99.46830555530025,2
286,13,4,99.62747380908615,1
287,11,4,99.62747380908615,1
287,12,4,99.62747380908615,1
288,1,4,101.25798400608012,1
288,1,5,101.25798400608012,3
288,1,11,101.36409617527073,1
288,3,12,100.70694835932602,1
288,4,6,89.59442311182626,3
288,5,6,89.59442311182626,2
288,5,7,89.59442311182626,1
288,15,7,89.27608660425446,4
288,3,8,89.20889646490821,3
288,2,8,89.09955884242584,2
288,11,4,99.62747380908615,1
288,12,4,99.62747380908615,1
288,14,4,99.62747380908615,1
288,15,5,99.62747380908615,1
289,1,5,100.81566107699507,1
289,2,5,103.42196691913131,1
289,2,13,103.52807908832192,1
289,11,4,99.25632560703583,3
289,12,5,99.25632560703583,3
290,2,15,102.081340609342,1
290,2,15,102.2555431520491,1
290,11,4,99.66244031575926,1
290,14,4,99.66244031575926,1
290,15,4,99.66244031575926,1
291,11,4,99.66244031575926,1
291,12,4,99.66244031575926,1
291,13,4,99.66244031575926,1
291,15,5,99.66244031575926,1
292,4,1,97.3546042755955,3
292,5,1,97.3546042755955,1
292,4,6,90.62630615187967,3
292,5,6,90.62630615187967,1
292,5,7,90.62630615187967,2
292,13,7,90.54350498713781,2
292,13,8,90.54350498713781,1
292,14,8,90.54350498713781,3
292,11,4,99.66244031575926,1
292,13,4,99.66244031575926,1
292,14,4,99.66244031575926,1
293,15,3,94.92748428675455,2
293,12,4,99.60033944220285,1
293,13,4,99.60033944220285,1
293,14,4,99.60033944220285,1
294,4,2,95.96021464647544,3
294,5,2,95.96021464647544,2
294,13,4,99.60033944220285,1
294,15,4,99.60033944220285,1
295,4,1,95.02081136734728,3
295,5,1,95.02081136734728,1
295,5,2,95.70216513400865,2
295,15,2,95.66076455163773,1
295,12,4,99.60033944220285,1
295,13,4,99.60033944220285,1
296,11,4,99.60033944220285,1
296,12,4,99.60033944220285,1
296,13,4,99.60033944220285,1
296,14,5,99.60033944220285,1
297,4,1,98.60677270597225,3
297,2,5,104.29699022065,2
297,14,4,99.60033944220285,1
297,15,4,99.60033944220285,1
298,2,4,100.0906623493903,1
298,2,5,100.0906623493903,1
298,3,5,101.21716745586183,2
298,11,4,99.60033944220285,1
298,12,4,99.60033944220285,1
298,13,4,99.60033944220285,1
298,14,5,99.60033944220285,1
298,15,5,99.60033944220285,1
299,4,11,98.92744151951604,3
299,5,11,98.92744151951604,3
299,2,11,98.45066682803781,3
299,2,11,98.42288072298462,2
299,2,12,98.42288072298462,2
299,1,12,98.39197949848355,4
300,6,4,105.5629800499143,3
300,7,5,105.5629800499143,3
300,8,12,105.65835701510238,3
300,4,13,97.88493523173076,3
300,5,13,97.88493523173076,1
300,5,14,97.88493523173076,2
300,1,14,97.78955826654268,2
301,4,11,97.41557362769647,1
301,4,12,97.41557362769647,1
302,4,11,97.41557362769647,1
302,4,12,97.41557362769647,1
302,4,13,97.41557362769647,1
302,5,14,97.41557362769647,1
302,5,15,97.41557362769647,1
303,5,3,95.53070968630709,1
303,4,11,97.41557362769647,1
303,4,12,97.41557362769647,1
303,4,13,97.41557362769647,1
304,4,6,91.15601521411386,3
304,5,7,91.15601521411386,3
304,1,8,91.09523260883132,3
305,2,11,97.28638587602991,1
305,2,12,97.28638587602991,1
305,2,13,97.28638587602991,1
305,2,14,97.28638587602991,1
306,4,11,97.27636247633116,1
306,4,14,97.27636247633116,1
307,4,12,97.27421460496714,1
307,4,14,97.27421460496714,1
307,4,15,97.27421460496714,1
308,2,11,98.82678507767062,1
308,2,12,98.82678507767062,1
308,4,13,97.27314066928513,1
308,4,14,97.27314066928513,1
308,4,15,97.27314066928513,1
309,5,2,95.54041783225071,2
309,5,3,96.32579953067574,1
309,2,3,96.25267784462207,1
309,1,3,96.02928493166607,1
309,4,11,97.27260370144413,1
309,4,12,97.27260370144413,1
309,4,13,97.27260370144413,1
309,5,15,97.27260370144413,1
310,4,11,97.27233521752363,1
310,4,13,97.27233521752363,1
310,4,15,97.27233521752363,1
311,1,13,100.04563195996133,1
311,1,14,100.04563195996133,1
311,1,4,100.04581094924166,2
311,2,4,102.18578763330258,1
311,2,5,102.18578763330258,2
311,5,3,92.44803330370533,3
311,1,3,92.15205567253665,1
311,4,11,97.27220097556338,1
311,4,12,97.27220097556338,1
311,4,13,97.27220097556338,1
312,5,1,94.2679044265397,3
312,2,1,93.83457264415003,1
312,3,4,100.94654916129642,1
312,6,4,102.07700071804231,2
312,7,4,102.07700071804231,1
312,7,5,102.07700071804231,1
312,8,5,102.07700071804231,2
312,4,11,97.27220097556338,1
312,4,13,97.27220097556338,1
312,4,15,97.27220097556338,1
313,5,2,95.77366037906549,1
313,4,11,97.38947425559184,1
313,4,12,97.38947425559184,1
313,4,15,97.38947425559184,1
314,5,1,94.72318791817132,3
314,2,1,94.21167394909602,1
314,3,2,93.98553892767958,4
314,1,2,93.88045913543405,1
314,4,6,90.71879700411759,3
314,5,7,90.71879700411759,3
314,1,8,89.93086219704725,1
314,3,8,89.92095079117618,2
315,3,1,92.50864989630108,2
315,3,1,92.44067813957881,1
315,2,11,101.55360374544107,1
315,2,13,101.55360374544107,1
315,2,14,101.55360374544107,1
315,4,6,86.91996523838539,3
315,5,6,86.91996523838539,2
315,5,7,86.91996523838539,1
315,3,7,86.49655611120608,2
315,3,7,86.47986611155562,2
315,3,8,86.47986611155562,1
315,2,8,86.47560251110752,4
315,11,4,96.75086099186527,2
315,12,4,96.75086099186527,1
315,12,5,96.75086099186527,1
315,13,5,96.75086099186527,2
316,14,1,95.67297040593456,1
316,4,12,97.2357289756539,1
316,4,15,97.2357289756539,1
317,1,4,97.95313567778538,3
317,1,5,97.95313567778538,1
317,4,11,97.2357289756539,1
317,4,12,97.2357289756539,1
317,4,14,97.2357289756539,1
317,5,15,97.2357289756539,1
318,1,4,98.02889774346926,3
318,1,5,98.02889774346926,1
318,4,13,97.2357289756539,1
318,4,14,97.2357289756539,1
319,2,4,102.00741448069742,1
319,4,12,97.2357289756539,1
319,4,13,97.2357289756539,1
319,4,14,97.2357289756539,1
319,5,15,97.2357289756539,1
320,6,4,103.82477574477831,3
320,7,5,103.82477574477831,3
320,8,15,104.0054547847559,3
320,4,11,97.2357289756539,1
320,4,12,97.2357289756539,1
320,4,13,97.2357289756539,1
320,5,15,97.2357289756539,1
321,1,15,99.37369255581044,1
321,1,12,99.72119465173884,2
321,1,13,99.72119465173884,2
321,4,12,97.3712382556371,1
321,4,13,97.3712382556371,1
321,4,14,97.3712382556371,1
321,5,15,97.3712382556371,1
322,4,11,97.3712382556371,1
322,4,12,97.3712382556371,1
322,4,14,97.3712382556371,1
323,2,4,97.55515296166425,3
323,2,5,97.55515296166425,2
323,4,11,97.3712382556371,1
323,4,12,97.3712382556371,1
323,4,13,97.3712382556371,1
323,5,14,97.3712382556371,1
324,5,1,96.31814651982572,2
324,14,1,96.04712795985932,1
324,15,1,96.04712795985932,2
324,4,11,97.3712382556371,1
324,4,12,97.3712382556371,1
324,4,13,97.3712382556371,1
324,5,14,97.3712382556371,1
325,6,4,107.20984416711414,3
325,6,5,107.20984416711414,2
325,7,5,107.20984416711414,1
325,7,2,107.3459432862569,4
325,8,2,107.3459432862569,1
325,8,13,107.64768578303136,4
325,4,11,97.3712382556371,1
325,4,12,97.3712382556371,1
325,4,13,97.3712382556371,1
325,5,14,97.3712382556371,1
325,5,15,97.3712382556371,1
326,5,2,93.45195687771755,1
326,3,2,92.55141163141667,2
326,6,4,107.69146994462308,3
326,6,5,107.69146994462308,2
326,7,5,107.69146994462308,1
326,7,13,107.91039075258169,4
326,8,13,107.91039075258169,1
326,8,15,107.91039075258169,4
326,4,11,97.69961946757499,3
326,5,12,97.69961946757499,3
327,1,13,100.69440342339948,2
327,4,6,92.75385193324716,1
327,4,7,92.75385193324716,1
327,4,8,92.75385193324716,1
327,11,4,96.74225501986409,2
327,12,4,96.74225501986409,1
327,12,5,96.74225501986409,1
327,13,5,96.74225501986409,2
328,3,12,97.19362202231069,1
328,3,13,97.19362202231069,1
330,2,13,98.27526226754618,1
330,4,3,95.12093709997981,2
331,1,14,99.03991553883188,1
331,1,15,99.03991553883188,1
331,1,14,99.04480626400728,1
331,1,4,99.04725162659497,1
331,11,3,96.58349244700018,1
331,12,3,96.58349244700018,1
331,14,3,96.58349244700018,1
331,15,6,90.61278821738142,1
331,4,6,90.6021222393222,2
331,4,7,90.6021222393222,1
331,5,7,90.6021222393222,2
331,5,8,90.6021222393222,1
331,14,8,90.46468247918818,2
332,1,11,101.47533168474777,1
332,1,13,101.47533168474777,1
332,1,14,101.47533168474777,1
332,1,15,101.47533168474777,1
332,3,4,98.86494675109674,3
332,3,5,98.86494675109674,1
332,11,4,97.0789854421929,1
332,12,4,97.0789854421929,1
332,13,4,97.0789854421929,1
332,14,5,97.0789854421929,1
332,15,5,97.0789854421929,1
333,4,3,94.35616381529906,3
333,11,4,97.0789854421929,1
333,14,4,97.0789854421929,1
333,15,4,97.0789854421929,1
334,4,3,92.68124204221758,3
334,5,3,92.68124204221758,2
334,11,4,97.0789854421929,1
334,12,4,97.0789854421929,1
334,13,4,97.0789854421929,1
334,15,5,97.0789854421929,1
335,4,2,93.85419640001076,1
335,4,6,92.38443290488456,2
335,4,7,92.38443290488456,1
335,5,7,92.38443290488456,1
335,5,8,92.38443290488456,2
335,13,4,97.0789854421929,1
335,14,4,97.0789854421929,1
335,15,4,97.0789854421929,1
336,1,5,99.36445727120184,3
336,1,13,99.60452674543484,1
336,1,14,99.60452674543484,1
336,11,4,97.03219643593994,1
336,14,4,97.03219643593994,1
336,15,4,97.03219643593994,1
337,3,5,99.67397416308911,1
337,12,4,97.03219643593994,1
337,13,4,97.03219643593994,1
337,14,4,97.03219643593994,1
337,15,5,97.03219643593994,1
338,2,5,99.41371675286756,2
338,2,14,99.68497889793586,2
338,12,4,97.03219643593994,1
338,13,4,97.03219643593994,1
338,15,4,97.03219643593994,1
339,3,5,99.23116085271204,2
339,12,4,97.03219643593994,1
339,13,4,97.03219643593994,1
339,15,4,97.03219643593994,1
340,11,4,97.03219643593994,1
340,12,4,97.03219643593994,1
340,13,4,97.03219643593994,1
340,14,5,97.03219643593994,1
340,15,5,97.03219643593994,1
341,4,2,92.71743401743691,2
341,11,4,97.03219643593994,1
341,13,4,97.03219643593994,1
341,14,4,97.03219643593994,1
341,15,5,97.03219643593994,1
342,1,5,98.05137178621378,1
342,3,5,101.69477760443229,1
342,3,15,101.9660397495006,3
342,11,4,97.03219643593994,1
342,12,4,97.03219643593994,1
342,13,4,97.03219643593994,1
342,14,5,97.03219643593994,1
342,15,5,97.03219643593994,1
343,3,5,100.48374178213281,1
343,11,4,97.03219643593994,1
343,12,4,97.03219643593994,1
343,13,4,97.03219643593994,1
343,14,5,97.03219643593994,1
343,15,5,97.03219643593994,1
344,11,4,97.03219643593994,1
344,12,4,97.03219643593994,1
344,13,4,97.03219643593994,1
344,14,5,97.03219643593994,1
344,15,5,97.03219643593994,1
345,11,4,97.03219643593994,1
345,12,4,97.03219643593994,1
345,13,4,97.03219643593994,1
345,14,5,97.03219643593994,1
345,15,5,97.03219643593994,1
346,12,4,97.03219643593994,1
346,13,4,97.03219643593994,1
346,14,4,97.03219643593994,1
346,15,5,97.03219643593994,1
347,1,5,98.75135250127713,2
347,1,3,98.7652969164364,1
347,6,4,98.51824718670547,1
347,7,4,98.51824718670547,1
347,8,4,98.51824718670547,1
347,11,5,97.03219643593994,1
347,12,5,97.03219643593994,1
347,13,5,97.03219643593994,1
347,15,3,97.04614085109921,1
348,12,4,97.04265474730938,1
348,13,4,97.04265474730938,1
348,14,4,97.04265474730938,1
348,15,5,97.04265474730938,1
349,3,5,101.78568446697265,1
349,13,4,97.01053424076244,1
349,14,4,97.01053424076244,1
349,15,4,97.01053424076244,1
350,1,5,98.37993157800577,3
350,1,3,98.38690378558542,1
350,1,2,98.71297972350811,1
350,12,4,97.01053424076244,1
350,13,4,97.01053424076244,1
350,14,4,97.01053424076244,1
350,15,5,97.01053424076244,1
351,4,1,92.91742808366863,3
351,5,1,92.91742808366863,2
351,11,4,97.01053424076244,1
351,12,4,97.01053424076244,1
351,13,4,97.01053424076244,1
351,15,5,97.01053424076244,1
352,2,5,100.35768121085522,2
352,11,4,97.01053424076244,1
352,12,4,97.01053424076244,1
352,14,4,97.01053424076244,1
352,15,5,97.01053424076244,1
353,4,2,94.63607513416322,1
353,11,4,97.01053424076244,1
353,12,4,97.01053424076244,1
353,13,4,97.01053424076244,1
353,14,5,97.01053424076244,1
353,15,5,97.01053424076244,1
354,11,4,97.01053424076244,1
354,14,4,97.01053424076244,1
354,15,4,97.01053424076244,1
355,2,5,101.22108053542811,2
355,11,4,97.01053424076244,1
355,12,4,97.01053424076244,1
355,14,4,97.01053424076244,1
356,4,3,96.38288211267384,3
356,4,6,94.74487805592189,1
356,4,7,94.74487805592189,1
356,4,8,94.74487805592189,1
356,12,4,97.01053424076244,1
356,14,4,97.01053424076244,1
356,15,4,97.01053424076244,1
357,12,4,97.01053424076244,1
357,13,4,97.01053424076244,1
358,2,4,97.41854362085716,1
358,2,5,97.41854362085716,2
358,11,4,97.01053424076244,1
358,12,4,97.01053424076244,1
358,13,4,97.01053424076244,1
358,14,5,97.01053424076244,1
358,15,5,97.01053424076244,1
359,3,5,101.61712946758026,1
359,11,4,97.01053424076244,1
359,12,4,97.01053424076244,1
359,14,4,97.01053424076244,1
359,15,5,97.01053424076244,1
360,12,4,97.01053424076244,1
360,13,4,97.01053424076244,1
360,14,4,97.01053424076244,1
360,15,5,97.01053424076244,1
361,4,1,94.22382078183718,3
361,2,5,98.10693478461937,2
361,2,3,98.4214986680064,3
361,13,4,97.01053424076244,1
362,4,1,94.54925687845794,2
362,4,2,96.597205930543,1
362,5,2,96.597205930543,3
362,15,2,96.55904105212804,1
362,11,4,97.01053424076244,1
362,12,4,97.01053424076244,1
362,13,4,97.01053424076244,1
362,15,5,97.01053424076244,1
363,11,4,97.01053424076244,1
363,14,4,97.01053424076244,1
364,1,4,100.81364924232193,1
364,1,5,100.81364924232193,1
364,12,4,97.01053424076244,1
364,13,4,97.01053424076244,1
364,14,4,97.01053424076244,1
365,12,4,97.01053424076244,1
365,13,4,97.01053424076244,1
365,14,4,97.01053424076244,1
365,15,5,97.01053424076244,1
366,4,3,93.62466344754787,3
366,12,4,97.01053424076244,1
366,14,4,97.01053424076244,1
366,15,4,97.01053424076244,1
367,4,6,89.9421733743643,3
367,5,7,89.9421733743643,3
367,15,8,89.90400849594934,1
367,1,8,89.79024375752024,2
367,13,4,97.01053424076244,1
367,14,4,97.01053424076244,1
368,11,4,96.8965870281294,1
368,12,4,96.8965870281294,1
368,13,4,96.8965870281294,1
369,1,5,98.78438313145833,2
369,12,4,96.8965870281294,1
369,13,4,96.8965870281294,1
370,11,4,96.8965870281294,1
370,14,4,96.8965870281294,1
370,15,4,96.8965870281294,1
371,3,5,100.56811187213196,3
371,11,4,96.8965870281294,1
371,12,4,96.8965870281294,1
371,13,4,96.8965870281294,1
371,14,5,96.8965870281294,1
371,15,5,96.8965870281294,1
372,3,5,97.31475188322582,1
373,4,1,95.57556763699968,1
373,4,2,92.65607668760883,1
373,11,4,96.8965870281294,1
373,12,4,96.8965870281294,1
373,13,4,96.8965870281294,1
373,14,5,96.8965870281294,1
374,11,4,96.8965870281294,1
374,12,4,96.8965870281294,1
374,13,4,96.8965870281294,1
374,14,5,96.8965870281294,1
374,15,5,96.8965870281294,1
375,1,5,101.3308025927297,1
375,1,3,101.72133128453873,1
375,4,6,88.92784799708878,3
375,5,6,88.92784799708878,1
375,5,7,88.92784799708878,2
375,1,7,88.85188318866676,1
375,1,7,88.54693544663073,1
375,3,8,88.33898989809506,3
375,3,8,88.33307143589752,1
375,11,4,96.8965870281294,1
375,12,4,96.8965870281294,1
375,13,4,96.8965870281294,1
375,14,5,96.8965870281294,1
375,15,5,96.8965870281294,1
376,3,1,93.51978414168454,2
376,2,5,99.91401214284495,1
376,1,3,93.76735123721627,1
376,11,4,96.43046079225455,3
376,11,5,96.43046079225455,1
376,12,5,96.43046079225455,2
377,12,2,94.5123245662402,2
377,13,2,94.5123245662402,2
377,4,11,97.11268788090212,1
377,4,12,97.11268788090212,1
377,4,13,97.11268788090212,1
377,5,14,97.11268788090212,1
377,5,15,97.11268788090212,1
378,4,12,97.11268788090212,1
378,4,13,97.11268788090212,1
378,4,14,97.11268788090212,1
379,4,6,93.46962476706481,1
379,4,7,93.46962476706481,1
379,4,8,93.46962476706481,1
379,5,11,97.11268788090212,1
379,5,12,97.11268788090212,1
379,5,13,97.11268788090212,1
380,13,1,94.75095596235565,2
380,2,1,93.83750366424296,1
380,11,4,96.92332607495015,1
380,12,4,96.92332607495015,1
380,13,4,96.92332607495015,1
380,14,5,96.92332607495015,1
380,15,5,96.92332607495015,1
381,4,1,92.71533846479369,3
381,5,1,92.71533846479369,1
381,2,5,100.33969930453159,1
381,5,3,92.59108136404302,2
381,2,3,91.57225788448909,2
381,11,4,96.92332607495015,1
381,12,4,96.92332607495015,1
381,13,4,96.92332607495015,1
381,14,5,96.92332607495015,1
381,15,5,96.92332607495015,1
382,1,5,100.25960662779077,1
382,1,14,100.36497780923203,1
382,1,15,100.36497780923203,1
382,13,4,96.92332607495015,1
382,14,4,96.92332607495015,1
382,15,4,96.92332607495015,1
383,1,5,98.44610799872794,3
383,11,4,96.92332607495015,1
383,12,4,96.92332607495015,1
383,14,4,96.92332607495015,1
384,11,4,96.92332607495015,1
384,12,4,96.92332607495015,1
384,13,4,96.92332607495015,1
384,15,5,96.92332607495015,1
385,2,5,99.58181142085826,2
385,2,1,99.88085104579756,1
385,2,1,99.95409589533098,2
385,4,6,87.24860293626624,3
385,5,6,87.24860293626624,1
385,5,7,87.24860293626624,2
385,2,7,86.2297794567123,1
385,3,7,86.1355107342184,1
385,2,8,86.10657926557862,4
385,11,4,96.92332607495015,1
385,12,4,96.92332607495015,1
385,13,4,96.92332607495015,1
385,15,5,96.92332607495015,1
386,6,4,96.40018591550461,1
386,7,4,96.40018591550461,1
386,8,4,96.40018591550461,1
386,12,5,96.06680832193445,3
386,12,1,96.25300687772024,3
386,13,1,96.25300687772024,2
388,3,4,99.90188857581731,3
388,3,5,99.90188857581731,1
389,14,2,96.52436479756918,1
389,15,2,96.52436479756918,1
389,11,2,96.51874147372098,1
389,13,2,96.51874147372098,1
389,14,2,96.51874147372098,1
392,11,3,93.01874993662193,1
392,14,3,93.01874993662193,1
392,15,3,93.01874993662193,1
392,15,3,93.0089091198876,1
392,4,3,93.00783149645423,1
393,4,3,94.37340749815326,2
394,6,11,100.82505723658579,1
394,7,12,100.82505723658579,1
394,8,13,100.82505723658579,1
396,11,3,92.22208373097885,1
396,12,3,92.22208373097885,1
396,13,3,92.22208373097885,1
396,14,3,92.22208373097885,1
396,11,6,90.24060377050418,1
396,13,6,90.24060377050418,1
396,14,6,90.24060377050418,1
396,14,7,90.23830393159234,1
396,4,7,90.2288213953475,2
396,4,8,90.2288213953475,1
396,5,8,90.2288213953475,2
397,1,15,97.88894927839708,1
397,1,11,97.88952330350189,1
397,1,13,97.88952330350189,1
397,1,14,97.88952330350189,1
398,2,14,100.66665223795523,1
398,11,3,93.26602736267226,1
398,12,3,93.26602736267226,1
399,13,11,96.73251764204572,1
399,14,11,96.73251764204572,1
399,15,11,96.73251764204572,1
399,4,11,96.72002240262275,3
399,5,12,96.72002240262275,3
399,3,12,96.45271450128891,3
399,3,13,96.45271450128891,2
400,13,1,95.48307793061339,4
400,15,1,95.48307793061339,1
400,15,12,96.23822314512242,3
400,15,13,96.23822314512242,2
400,4,13,96.23290517879052,1
400,4,14,96.23290517879052,2
400,5,14,96.23290517879052,1
400,5,15,96.23290517879052,2
401,1,2,92.99022356208408,2
401,1,2,92.96759758474457,1
401,1,3,93.17341155037624,1
401,2,3,93.11609066326317,1
401,11,4,95.44954962347771,2
401,12,4,95.44954962347771,1
401,12,5,95.44954962347771,1
401,13,5,95.44954962347771,2
402,1,15,97.51502898626777,1
402,1,13,97.67740139421184,2
402,11,4,95.72795962042714,1
402,13,4,95.72795962042714,1
402,14,4,95.72795962042714,1
402,15,5,95.72795962042714,1
403,3,5,99.82134325546687,2
403,3,13,100.1693223280439,2
403,3,14,100.1693223280439,1
403,11,4,95.72795962042714,1
403,13,4,95.72795962042714,1
403,15,4,95.72795962042714,1
404,11,4,95.72795962042714,1
404,13,4,95.72795962042714,1
404,14,4,95.72795962042714,1
404,15,5,95.72795962042714,1
405,4,2,92.45441210983128,1
405,4,3,93.97745751879212,1
405,13,4,95.72795962042714,1
405,14,4,95.72795962042714,1
406,11,4,95.72795962042714,1
406,13,4,95.72795962042714,1
406,14,4,95.72795962042714,1
407,11,4,95.72795962042714,1
407,12,4,95.72795962042714,1
407,13,4,95.72795962042714,1
407,15,5,95.72795962042714,1
408,4,2,94.36747567581861,3
408,5,2,94.36747567581861,1
408,5,3,92.32670430417386,2
408,2,3,91.5549615760045,1
408,12,4,95.72795962042714,1
408,13,4,95.72795962042714,1
408,14,4,95.72795962042714,1
409,4,2,92.73359585461131,2
409,11,4,95.72795962042714,1
409,13,4,95.72795962042714,1
409,14,4,95.72795962042714,1
409,15,5,95.72795962042714,1
410,11,4,95.72795962042714,1
410,12,4,95.72795962042714,1
410,13,4,95.72795962042714,1
410,14,5,95.72795962042714,1
410,15,5,95.72795962042714,1
411,11,4,95.72795962042714,1
411,12,4,95.72795962042714,1
411,14,4,95.72795962042714,1
411,15,5,95.72795962042714,1
412,1,5,99.44119091072687,1
412,11,4,95.72795962042714,1
412,12,4,95.72795962042714,1
412,13,4,95.72795962042714,1
412,14,5,95.72795962042714,1
413,3,5,98.04689611288718,2
413,3,1,98.32120865784717,1
413,11,4,95.72795962042714,1
413,12,4,95.72795962042714,1
413,13,4,95.72795962042714,1
413,14,5,95.72795962042714,1
413,15,5,95.72795962042714,1
414,4,1,91.05702822779031,2
414,11,4,95.72795962042714,1
414,13,4,95.72795962042714,1
414,14,4,95.72795962042714,1
414,15,5,95.72795962042714,1
415,4,1,94.7268789790277,2
415,11,4,95.72795962042714,1
415,14,4,95.72795962042714,1
416,1,4,100.41316177479503,1
416,1,5,100.41316177479503,3
416,1,14,100.76114084737205,1
416,3,4,95.76947699261284,3
416,3,5,95.76947699261284,1
416,11,5,95.72795962042714,1
416,12,5,95.72795962042714,1
417,2,14,99.11101736669244,4
417,4,12,95.98941253374376,1
417,4,13,95.98941253374376,1
417,4,14,95.98941253374376,1
418,1,4,97.47821793308478,3
418,1,5,97.47821793308478,2
418,4,13,95.98941253374376,1
418,4,14,95.98941253374376,1
418,4,15,95.98941253374376,1
419,5,3,95.14737630380391,3
419,13,3,94.99036584010464,1
419,14,3,94.99036584010464,1
419,6,4,105.69603256230458,3
419,6,5,105.69603256230458,2
419,7,5,105.69603256230458,1
419,7,15,105.85304302600385,4
419,8,15,105.85304302600385,2
419,8,1,106.12572656372254,3
419,4,12,95.98941253374376,1
419,4,13,95.98941253374376,1
419,4,14,95.98941253374376,1
419,5,15,95.98941253374376,1
420,4,11,96.31168303480723,3
420,5,12,96.31168303480723,3
421,13,4,95.308052036779,3
421,14,5,95.308052036779,3
422,12,4,95.67690529108195,1
422,13,4,95.67690529108195,1
422,14,4,95.67690529108195,1
423,4,6,90.39100682984679,2
423,4,7,90.39100682984679,1
423,5,7,90.39100682984679,1
423,5,8,90.39100682984679,2
423,12,4,95.67690529108195,1
423,13,4,95.67690529108195,1
423,14,4,95.67690529108195,1
423,15,5,95.67690529108195,1
424,2,1,91.71565298274943,3
424,2,1,91.18667827418454,1
424,4,6,89.12289550517218,3
424,5,7,89.12289550517218,3
424,2,8,88.4895548965868,2
424,3,8,88.47574906954446,1
424,14,4,95.52035644105119,1
424,15,4,95.52035644105119,1
425,11,4,95.0349966143304,3
425,11,5,95.0349966143304,2
425,12,5,95.0349966143304,1
426,11,4,95.7390869402657,1
426,13,4,95.7390869402657,1
426,14,4,95.7390869402657,1
427,11,4,95.7390869402657,1
427,12,4,95.7390869402657,1
427,13,4,95.7390869402657,1
428,3,5,97.9670431696124,2
428,13,4,95.7390869402657,1
428,15,4,95.7390869402657,1
429,11,4,95.7390869402657,1
429,12,4,95.7390869402657,1
430,1,4,97.05769361970249,1
430,1,5,97.05769361970249,1
430,4,6,88.386928655763,3
430,5,7,88.386928655763,3
430,12,8,88.18248091901687,3
430,11,4,95.7390869402657,1
430,12,4,95.7390869402657,1
430,13,4,95.7390869402657,1
430,14,5,95.7390869402657,1
430,15,5,95.7390869402657,1
431,3,5,97.606784597364,1
431,3,15,97.81123233411014,3
431,13,4,95.5857511377061,1
432,2,4,99.69854490470007,2
432,2,5,99.69854490470007,3
432,3,1,97.11232570823337,1
432,3,11,97.15720971331177,1
432,3,12,97.15720971331177,1
432,11,4,95.5857511377061,1
432,12,4,95.5857511377061,1
432,14,4,95.5857511377061,1
432,15,5,95.5857511377061,1
433,3,5,98.53587522160856,2
433,11,4,95.5857511377061,1
433,12,4,95.5857511377061,1
433,13,4,95.5857511377061,1
434,4,6,86.08135542684498,3
434,5,6,86.08135542684498,1
434,5,7,86.08135542684498,2
434,12,7,85.97913155847192,1
434,14,7,85.97913155847192,1
434,14,8,85.97913155847192,4
434,11,4,95.5857511377061,1
434,13,4,95.5857511377061,1
434,15,4,95.5857511377061,1
435,15,1,91.96919317371204,2
435,4,6,89.60272617675022,3
435,5,7,89.60272617675022,3
435,15,8,89.55161424256369,3
435,11,4,95.5090832364263,1
435,12,4,95.5090832364263,1
435,13,4,95.5090832364263,1
435,14,5,95.5090832364263,1
436,2,5,95.64453832373381,1
436,11,4,95.18943276259905,3
436,11,5,95.18943276259905,1
436,13,5,95.18943276259905,2
437,4,6,86.58009755487268,3
437,5,6,86.58009755487268,2
437,5,7,86.58009755487268,1
437,13,7,86.1745488434702,2
437,1,7,85.74798142979753,1
437,3,7,85.53455109568938,1
437,3,8,85.53455109568938,3
437,2,8,85.51977914108849,1
437,1,8,85.51227258025263,1
438,1,11,97.83406863523429,2
438,12,4,95.22630714031402,3
438,15,5,95.22630714031402,3
439,4,2,93.48329030000286,1
439,4,3,91.05493963524764,2
439,5,3,91.05493963524764,3
439,11,4,95.58135120324378,1
439,13,4,95.58135120324378,1
439,14,4,95.58135120324378,1
439,15,5,95.58135120324378,1
440,3,5,96.42150408067764,2
440,3,2,96.48283701640185,2
440,11,4,95.58135120324378,1
440,14,4,95.58135120324378,1
440,15,4,95.58135120324378,1
441,4,1,93.55635669941768,3
441,11,4,95.58135120324378,1
441,12,4,95.58135120324378,1
441,13,4,95.58135120324378,1
441,14,5,95.58135120324378,1
441,15,5,95.58135120324378,1
442,4,2,91.52069265175393,2
442,11,4,95.58135120324378,1
442,12,4,95.58135120324378,1
442,15,4,95.58135120324378,1
443,3,5,100.14083427573254,2
443,11,4,95.58135120324378,1
443,12,4,95.58135120324378,1
443,13,4,95.58135120324378,1
443,15,5,95.58135120324378,1
444,4,1,93.58851135380922,1
444,3,5,98.0878377272546,2
444,4,6,89.75597589594454,3
444,5,7,89.75597589594454,3
444,1,8,89.04588777008499,3
444,12,4,95.58135120324378,1
444,13,4,95.58135120324378,1
445,11,4,95.04878510884912,3
445,11,5,95.04878510884912,1
445,12,5,95.04878510884912,2
446,11,4,95.6878524242897,1
446,12,4,95.6878524242897,1
446,13,4,95.6878524242897,1
446,15,5,95.6878524242897,1
447,12,4,95.6878524242897,1
447,13,4,95.6878524242897,1
447,14,4,95.6878524242897,1
448,11,4,95.6878524242897,1
448,14,4,95.6878524242897,1
448,15,4,95.6878524242897,1
449,11,4,95.88150661063716,3
449,11,5,95.88150661063716,1
449,12,5,95.88150661063716,2
449,14,12,96.04720183855973,2
449,14,13,96.04720183855973,2
449,15,14,96.04720183855973,2
450,1,15,97.47849731765734,1
450,2,15,100.22264691701791,1
450,2,13,100.74923643522774,1
450,2,15,100.74926284905668,1
450,2,15,100.74994252947724,1
450,11,4,96.00577803157908,3
450,12,5,96.00577803157908,3
451,3,11,99.1711321596054,1
451,3,12,99.1711321596054,1
451,3,14,99.1711321596054,1
451,3,15,99.1711321596054,1
451,4,13,96.5897757191523,1
451,4,14,96.5897757191523,1
451,4,15,96.5897757191523,1
452,5,3,96.58444989818962,2
452,4,12,96.5897757191523,1
452,4,13,96.5897757191523,1
452,4,14,96.5897757191523,1
452,5,15,96.5897757191523,1
453,5,2,95.42003375273947,2
453,13,2,95.21359288428175,1
453,4,11,96.5897757191523,1
453,4,12,96.5897757191523,1
453,4,15,96.5897757191523,1
454,5,3,92.1706220537493,3
454,13,3,91.9641811852916,1
454,4,11,96.5897757191523,1
454,4,12,96.5897757191523,1
454,4,13,96.5897757191523,1
454,5,15,96.5897757191523,1
455,3,4,98.4938445666705,3
455,4,11,96.5897757191523,1
455,4,13,96.5897757191523,1
455,4,14,96.5897757191523,1
456,5,1,94.94538986981019,3
456,13,1,94.73894900135247,1
456,4,12,96.5897757191523,1
456,4,13,96.5897757191523,1
456,4,14,96.5897757191523,1
457,5,3,96.15451127157344,3
457,14,3,95.94807040311574,2
457,4,11,96.5897757191523,1
457,4,12,96.5897757191523,1
457,4,13,96.5897757191523,1
457,5,15,96.5897757191523,1
458,4,11,96.5897757191523,1
458,4,12,96.5897757191523,1
458,4,13,96.5897757191523,1
458,5,14,96.5897757191523,1
458,5,15,96.5897757191523,1
459,4,11,96.5897757191523,1
459,4,12,96.5897757191523,1
459,4,13,96.5897757191523,1
460,4,12,96.5897757191523,1
460,4,13,96.5897757191523,1
460,4,14,96.5897757191523,1
460,5,15,96.5897757191523,1
461,5,3,94.27061303058693,2
461,14,3,94.06417216212921,1
461,15,3,94.06417216212921,1
461,4,12,96.5897757191523,1
461,4,13,96.5897757191523,1
461,4,14,96.5897757191523,1
461,5,15,96.5897757191523,1
462,4,11,96.5897757191523,1
462,4,12,96.5897757191523,1
462,4,13,96.5897757191523,1
462,5,15,96.5897757191523,1
463,2,4,98.7152675000004,1
463,6,4,99.57759643367447,1
463,7,4,99.57759643367447,1
463,8,4,99.57759643367447,1
463,4,11,96.5897757191523,1
463,4,13,96.5897757191523,1
463,4,14,96.5897757191523,1
464,5,1,95.90503977079611,3
464,15,1,95.6985989023384,2
464,4,12,96.5897757191523,1
465,4,11,96.5897757191523,1
465,4,12,96.5897757191523,1
465,4,13,96.5897757191523,1
465,5,14,96.5897757191523,1
465,5,15,96.5897757191523,1
466,3,4,99.81159628132099,3
466,3,5,99.81159628132099,1
466,6,4,103.81180514561073,3
466,7,5,103.81180514561073,3
466,8,3,104.08287195817867,1
466,8,2,104.16241341965906,2
466,4,11,96.5897757191523,1
466,4,13,96.5897757191523,1
466,4,14,96.5897757191523,1
466,5,15,96.5897757191523,1
467,6,4,106.67820819571398,3
467,6,5,106.67820819571398,2
467,7,5,106.67820819571398,1
467,7,2,106.85351233273815,1
467,7,2,106.98258757596389,1
467,7,1,106.99828426836618,2
467,8,1,106.99828426836618,1
467,8,2,107.01718671660399,1
467,8,2,107.20538691955136,1
467,8,3,107.23550077493516,2
467,4,12,96.85273192468854,2
467,4,13,96.85273192468854,1
467,5,13,96.85273192468854,1
467,5,14,96.85273192468854,2
468,11,4,96.16827756588688,2
468,12,4,96.16827756588688,1
468,12,5,96.16827756588688,1
468,14,5,96.16827756588688,2
469,15,1,94.8700142065089,2
469,4,1,94.7246231280204,3
470,11,1,94.86141876416772,1
470,12,1,94.86141876416772,1
471,11,6,95.9521850000082,1
471,12,7,95.9521850000082,1
471,13,8,95.9521850000082,1
472,14,1,94.24845466914005,1
472,13,1,94.24349858347068,1
473,2,11,97.43851593441622,1
473,2,12,97.43851593441622,1
473,2,13,97.43851593441622,1
477,11,1,94.17596554015384,1
477,12,1,94.17596554015384,1
477,13,1,94.17596554015384,1
477,14,1,94.17596554015384,1
477,15,1,94.17596554015384,1
477,6,11,96.60522361103571,1
477,7,12,96.60522361103571,1
477,8,14,96.60522361103571,1
478,11,6,87.03892799245938,1
478,12,6,87.03892799245938,1
478,13,6,87.03892799245938,1
478,14,6,87.03892799245938,1
478,15,7,87.03892799245938,1
478,11,7,87.03886789532945,1
478,12,7,87.03886789532945,1
478,13,7,87.03886789532945,1
478,14,8,87.03886789532945,1
478,15,8,87.03886789532945,1
478,11,8,87.0386755845137,1
478,12,8,87.0386755845137,1
481,12,1,93.29882578111989,1
481,13,1,93.29882578111989,1
481,14,1,93.29882578111989,1
481,15,1,93.29882578111989,1
482,1,12,98.25482988658,1
482,1,13,98.25482988658,1
482,11,3,95.49138294144679,1
483,3,14,97.11931834331735,1
483,3,15,97.11931834331735,1
486,1,11,100.26657477801592,1
486,1,12,100.26657477801592,1
486,1,13,100.26657477801592,1
486,1,14,100.26657477801592,1
487,2,12,98.09667900870174,1
487,2,14,98.09667900870174,1
491,1,12,99.74148122631799,1
491,1,13,99.74148122631799,1
491,1,15,99.74148122631799,1
491,2,12,99.60228128695333,1
491,11,3,91.95669259837278,1
491,13,3,91.95669259837278,1
491,14,3,91.95669259837278,1
491,15,3,91.95669259837278,1
491,11,3,91.95669258999632,1
492,12,2,93.1134726778606,1
492,13,2,93.1134726778606,1
492,14,2,93.1134726778606,1
493,2,15,101.13949511625982,1
493,2,13,101.1394951234401,1
493,2,14,101.1394951234401,1
494,2,15,100.15926293868812,1
494,2,11,100.15926389005155,1
494,2,12,100.15926389005155,1
494,2,13,100.15926389005155,1
498,2,14,99.54717677873012,1
498,2,15,99.54717677873012,1
499,11,1,94.37228109141645,1
499,12,1,94.37228109141645,1
499,14,1,94.37228109141645,1
499,13,12,96.7747224383553,1
499,14,13,96.7747224383553,1
499,15,14,96.7747224383553,1
500,11,15,96.7747224383553,1
500,11,13,96.77472244018634,1
500,11,14,96.77472244018634,1
500,11,15,96.77472244018634,1
500,14,11,96.7747224475105,1
500,14,12,96.7747224475105,1
500,15,14,96.7747224475105,1
501,3,15,98.40537710664148,1
501,3,14,98.4053780873016,1
501,11,15,96.77472343045942,1
501,13,11,96.77479019809968,1
501,14,13,96.77479019809968,1
501,14,15,96.77479019809968,1
501,14,11,96.77499592637406,1
501,14,12,96.77499592637406,1
501,15,13,96.77499592637406,1
502,2,15,96.98562471009654,1
502,6,15,99.72082193474704,1
502,7,4,99.73210987055275,1
502,8,4,99.73210987055275,1
502,12,4,96.78742755236668,1
502,12,5,96.78742755236668,3
502,13,15,96.87838451709575,2
502,13,1,96.89726104992863,2
502,15,1,96.89726104992863,3
503,3,2,99.94949659779746,1
503,12,4,97.2410043945719,1
503,14,4,97.2410043945719,1
503,15,4,97.2410043945719,1
504,4,3,95.31188926657406,2
504,11,4,97.2410043945719,1
504,12,4,97.2410043945719,1
504,15,4,97.2410043945719,1
505,3,5,99.19253769028731,3
505,11,4,97.2410043945719,1
505,12,4,97.2410043945719,1
505,13,4,97.2410043945719,1
505,14,5,97.2410043945719,1
505,15,5,97.2410043945719,1
506,12,4,97.2410043945719,1
506,13,4,97.2410043945719,1
506,14,4,97.2410043945719,1
506,15,5,97.2410043945719,1
507,4,3,93.19006233736806,3
507,5,3,93.19006233736806,1
507,11,4,97.2410043945719,1
507,13,4,97.2410043945719,1
507,14,4,97.2410043945719,1
507,15,5,97.2410043945719,1
508,11,4,97.2410043945719,1
508,12,4,97.2410043945719,1
508,14,4,97.2410043945719,1
508,15,5,97.2410043945719,1
509,3,5,98.95522934202667,2
509,12,4,97.2410043945719,1
509,14,4,97.2410043945719,1
509,15,4,97.2410043945719,1
510,4,3,93.01801788234259,1
510,11,4,97.2410043945719,1
510,12,4,97.2410043945719,1
510,13,4,97.2410043945719,1
510,14,5,97.2410043945719,1
511,11,4,97.2410043945719,1
511,12,4,97.2410043945719,1
511,13,4,97.2410043945719,1
511,14,5,97.2410043945719,1
511,15,5,97.2410043945719,1
512,6,4,106.88794275143117,3
512,6,5,106.88794275143117,2
512,7,5,106.88794275143117,1
512,7,3,106.9730047192522,4
512,8,1,106.9876403631639,3
512,8,1,107.25524507082815,2
513,3,1,100.16744586652993,1
513,4,11,97.55261437225458,1
513,4,14,97.55261437225458,1
513,4,15,97.55261437225458,1
514,4,11,97.55261437225458,1
514,4,12,97.55261437225458,1
514,4,13,97.55261437225458,1
514,5,14,97.55261437225458,1
514,5,15,97.55261437225458,1
515,6,4,97.68378718235068,1
515,7,4,97.68378718235068,1
515,8,4,97.68378718235068,1
515,4,11,97.55261437225458,1
515,4,12,97.55261437225458,1
515,4,13,97.55261437225458,1
515,5,14,97.55261437225458,1
515,5,15,97.55261437225458,1
516,4,14,97.55261437225458,1
516,4,15,97.55261437225458,1
517,4,11,97.55261437225458,1
517,4,12,97.55261437225458,1
517,4,13,97.55261437225458,1
517,5,14,97.55261437225458,1
517,5,15,97.55261437225458,1
518,4,11,97.55261437225458,1
518,4,12,97.55261437225458,1
518,4,13,97.55261437225458,1
518,5,15,97.55261437225458,1
519,4,13,97.55261437225458,1
519,4,15,97.55261437225458,1
520,4,11,97.55261437225458,1
520,4,12,97.55261437225458,1
520,4,13,97.55261437225458,1
520,5,14,97.55261437225458,1
520,5,15,97.55261437225458,1
521,5,3,96.46575393732283,1
521,11,3,96.3228582697143,1
521,13,3,96.3228582697143,1
521,14,3,96.3228582697143,1
521,4,12,97.53589468008252,1
521,4,14,97.53589468008252,1
521,4,15,97.53589468008252,1
522,5,1,94.03692292725168,3
522,15,1,93.90517372109119,1
522,15,1,93.75398144035611,1
522,2,3,101.44489562982204,2
522,15,3,94.16967993814936,1
522,11,3,94.16967993783203,1
522,4,11,97.52753483399648,1
522,4,13,97.52753483399648,1
522,4,14,97.52753483399648,1
522,5,15,97.52753483399648,1
523,5,1,93.3962184562053,2
523,13,1,92.89851019165033,1
523,14,1,92.89851019165033,1
523,4,11,97.52335491095347,1
523,4,12,97.52335491095347,1
523,4,15,97.52335491095347,1
524,5,2,95.11112650649156,3
524,11,2,94.61620485565325,1
524,4,13,97.52126494943195,1
524,4,15,97.52126494943195,1
525,6,3,107.333428939603,1
525,6,4,107.3341255934435,3
525,6,5,107.3341255934435,1
525,7,5,107.3341255934435,2
525,7,1,107.4986175301076,2
525,7,2,107.51216433123201,1
525,8,2,107.51216433123201,1
525,8,3,107.55467707704264,1
525,8,3,107.59327390096945,2
525,8,3,107.64895243055079,1
525,4,12,97.52021996867121,1
525,4,13,97.52021996867121,1
525,4,14,97.52021996867121,1
525,5,15,97.52021996867121,1
526,4,11,97.75880094906756,2
526,4,12,97.75880094906756,1
526,5,12,97.75880094906756,1
526,5,13,97.75880094906756,2
527,11,4,97.20157079139281,1
527,14,4,97.20157079139281,1
527,15,4,97.20157079139281,1
528,6,4,98.95442145501342,1
528,7,4,98.95442145501342,1
528,8,4,98.95442145501342,1
528,13,5,97.20157079139281,1
528,15,5,97.20157079139281,1
529,4,1,93.27912983563832,1
529,11,4,97.20157079139281,1
529,12,4,97.20157079139281,1
529,13,4,97.20157079139281,1
529,14,5,97.20157079139281,1
529,15,5,97.20157079139281,1
530,3,5,100.61865028685574,1
530,3,15,100.88238252465361,2
530,11,4,97.20157079139281,1
530,14,4,97.20157079139281,1
530,15,4,97.20157079139281,1
531,4,2,96.34217705466821,3
531,5,2,96.34217705466821,2
531,11,4,97.20157079139281,1
531,12,4,97.20157079139281,1
531,13,4,97.20157079139281,1
531,14,5,97.20157079139281,1
531,15,5,97.20157079139281,1
532,11,4,97.20157079139281,1
532,13,4,97.20157079139281,1
532,15,4,97.20157079139281,1
533,11,4,97.20157079139281,1
533,12,4,97.20157079139281,1
533,13,4,97.20157079139281,1
533,15,5,97.20157079139281,1
534,4,1,94.46831014803347,3
534,5,1,94.46831014803347,1
534,2,5,101.71999419827989,2
534,2,3,102.26720162366064,2
534,5,3,96.47816456311222,2
534,11,4,97.20157079139281,1
534,12,4,97.20157079139281,1
534,13,4,97.20157079139281,1
534,14,5,97.20157079139281,1
535,1,5,101.43959718399782,2
535,11,4,97.20157079139281,1
535,12,4,97.20157079139281,1
535,13,4,97.20157079139281,1
535,14,5,97.20157079139281,1
535,15,5,97.20157079139281,1
536,4,1,96.46019727173221,3
536,5,1,96.46019727173221,2
536,11,4,97.20157079139281,1
536,12,4,97.20157079139281,1
536,14,4,97.20157079139281,1
537,11,4,97.20157079139281,1
537,12,4,97.20157079139281,1
537,13,4,97.20157079139281,1
537,14,5,97.20157079139281,1
537,15,5,97.20157079139281,1
538,11,4,97.20157079139281,1
538,12,4,97.20157079139281,1
538,13,4,97.20157079139281,1
538,14,5,97.20157079139281,1
538,15,5,97.20157079139281,1
539,11,4,97.20157079139281,1
539,13,4,97.20157079139281,1
539,15,4,97.20157079139281,1
540,12,4,97.20157079139281,1
540,13,4,97.20157079139281,1
540,14,4,97.20157079139281,1
540,15,5,97.20157079139281,1
541,13,4,97.20157079139281,1
541,14,4,97.20157079139281,1
542,3,4,99.50167473181696,1
542,3,5,99.50167473181696,2
542,12,4,97.20157079139281,1
542,13,4,97.20157079139281,1
542,14,4,97.20157079139281,1
542,15,5,97.20157079139281,1
543,11,4,97.20157079139281,1
543,13,4,97.20157079139281,1
543,14,4,97.20157079139281,1
543,15,5,97.20157079139281,1
544,12,4,97.20157079139281,1
544,14,4,97.20157079139281,1
544,15,4,97.20157079139281,1
545,4,1,92.92254600086744,3
545,5,1,92.92254600086744,1
545,4,6,94.14698318108682,1
545,4,7,94.14698318108682,1
545,4,8,94.14698318108682,1
545,11,4,97.20157079139281,1
545,13,4,97.20157079139281,1
545,14,4,97.20157079139281,1
546,11,4,97.20157079139281,1
546,13,4,97.20157079139281,1
546,14,4,97.20157079139281,1
547,4,6,89.51132576676213,3
547,5,7,89.51132576676213,3
547,3,8,89.30996154698605,3
547,11,4,97.20157079139281,1
547,12,4,97.20157079139281,1
547,13,4,97.20157079139281,1
547,15,5,97.20157079139281,1
548,3,2,94.0544924515394,2
548,13,2,93.99212443351763,1
548,15,2,93.99212443351763,1
548,15,2,93.99212442693623,1
548,11,4,97.05054762656076,2
548,13,4,97.05054762656076,1
548,13,5,97.05054762656076,1
548,14,5,97.05054762656076,2
549,2,3,102.40253488286362,2
549,2,15,102.46577696749658,2
549,4,11,97.42923490616516,2
549,4,13,97.42923490616516,1
549,5,13,97.42923490616516,1
549,5,15,97.42923490616516,2
550,11,2,92.47471359459084,1
551,3,4,99.79673084161712,3
551,3,5,99.79673084161712,1
554,6,11,105.09284538575069,1
554,6,12,105.09284538575069,1
554,6,13,105.09284538575069,1
554,6,15,105.09284538575069,1
554,7,4,105.10376032687265,3
554,7,5,105.10376032687265,1
554,8,5,105.10376032687265,2
554,8,15,105.71295395558107,2
555,2,11,101.8472331903307,1
555,2,12,101.8472331903307,1
555,2,13,101.8472331903307,1
555,11,6,96.86835310297832,1
555,14,7,96.86835310297832,1
555,15,8,96.86835310297832,1
557,11,2,94.78689312723762,1
557,12,2,94.78689312723762,1
557,13,2,94.78689312723762,1
557,14,2,94.78689312723762,1
557,15,2,94.78689312723762,1
558,11,1,96.57407844145462,1
558,3,11,98.89412087780937,1
558,6,12,106.81734756175368,1
558,6,14,106.81734756175368,1
558,6,14,106.81791939995489,1
558,6,15,106.81791939995489,1
558,6,4,106.82966498963864,1
558,7,4,106.82966498963864,2
558,7,5,106.82966498963864,3
558,8,15,107.44031532259018,3
558,8,1,107.58456329643045,2
559,11,3,93.24582340407625,1
559,6,4,103.86372388542297,3
559,7,5,103.86372388542297,3
559,8,1,104.23491000972152,1
559,8,2,104.25869974677323,2
559,4,12,97.6696079588788,3
559,5,13,97.6696079588788,3
560,14,2,96.77769319264453,1
560,15,2,96.77769319264453,1
560,12,2,96.77748456233479,1
560,4,11,97.68745026166758,3
560,5,12,97.68745026166758,3
561,2,13,99.87485229224572,3
561,4,11,97.24227494383084,1
561,4,13,97.24227494383084,1
561,4,14,97.24227494383084,1
561,5,15,97.24227494383084,1
562,2,4,99.64759050076061,3
562,2,5,99.64759050076061,2
562,4,13,97.24227494383084,1
562,4,14,97.24227494383084,1
562,4,15,97.24227494383084,1
563,1,4,99.29712573083387,3
563,5,2,96.86375603706375,3
563,4,11,97.24227494383084,1
563,4,12,97.24227494383084,1
563,4,14,97.24227494383084,1
564,6,4,107.04707670238679,3
564,6,5,107.04707670238679,2
564,7,5,107.04707670238679,1
564,7,14,107.13358278029642,3
564,7,2,107.72694124043569,1
564,8,2,107.72694124043569,1
564,8,2,107.73725623854111,3
564,8,2,107.7389680282991,1
564,4,13,97.24227494383084,1
564,4,14,97.24227494383084,1
564,4,15,97.24227494383084,1
565,5,1,93.47716525552889,3
565,4,11,97.78003318248778,3
565,5,11,97.78003318248778,1
565,5,13,97.78003318248778,2
566,4,11,97.26542067403588,1
566,4,12,97.26542067403588,1
566,4,15,97.26542067403588,1
567,4,11,97.26542067403588,1
567,4,12,97.26542067403588,1
567,4,13,97.26542067403588,1
567,5,14,97.26542067403588,1
568,4,11,97.26542067403588,1
568,4,12,97.26542067403588,1
568,4,15,97.26542067403588,1
569,4,11,97.26542067403588,1
569,4,12,97.26542067403588,1
569,4,13,97.26542067403588,1
569,5,14,97.26542067403588,1
570,4,11,97.26542067403588,1
570,4,12,97.26542067403588,1
570,4,13,97.26542067403588,1
570,5,14,97.26542067403588,1
570,5,15,97.26542067403588,1
571,4,11,97.26542067403588,1
571,4,13,97.26542067403588,1
571,4,14,97.26542067403588,1
571,5,15,97.26542067403588,1
572,4,12,97.26542067403588,1
572,4,13,97.26542067403588,1
572,4,14,97.26542067403588,1
572,5,15,97.26542067403588,1
573,1,4,100.05037044370908,3
573,2,5,99.45191981244763,3
573,4,11,97.26542067403588,1
573,4,12,97.26542067403588,1
573,4,13,97.26542067403588,1
573,5,15,97.26542067403588,1
574,3,4,101.69866568677503,3
574,4,11,97.26542067403588,1
574,4,12,97.26542067403588,1
574,4,14,97.26542067403588,1
574,5,15,97.26542067403588,1
575,4,11,97.26542067403588,1
575,4,12,97.26542067403588,1
575,4,13,97.26542067403588,1
575,5,15,97.26542067403588,1
576,4,11,97.26542067403588,1
576,4,13,97.26542067403588,1
576,4,15,97.26542067403588,1
577,4,6,87.58901945092617,3
577,5,6,87.58901945092617,2
577,5,7,87.58901945092617,1
577,13,7,87.48708288621316,1
577,14,7,87.48708288621316,1
577,15,7,87.48708288621316,1
577,14,7,87.48291028001847,1
577,11,8,87.47727451511876,1
577,12,8,87.47727451511876,1
577,13,8,87.47727451511876,1
577,14,8,87.47727451511876,1
577,15,8,87.47727451511876,1
579,11,1,94.57244734317568,1
579,12,1,94.57244734317568,1
580,1,4,98.4535487213405,3
580,1,5,98.4535487213405,1
580,11,2,95.09453119139484,1
580,13,2,95.09453119139484,1
580,14,2,95.09453119139484,1
580,15,2,95.09453119139484,1
580,13,2,95.08903583920772,1
581,2,11,101.84764107695972,1
581,2,12,101.84764107695972,1
581,2,13,101.84764107695972,1
583,11,1,93.80318574106695,1
583,13,1,93.80318574106695,1
584,1,14,99.24603682252302,1
585,11,3,94.93340266333612,1
585,12,6,87.39581406951824,1
585,14,6,87.39581406951824,1
585,14,6,87.39536751195848,1
585,15,6,87.39536751195848,1
585,13,6,87.39358128171946,1
585,15,7,87.39358128171946,1
585,14,7,87.38643636076335,1
585,4,7,87.38336988921321,3
585,5,8,87.38336988921321,3
585,2,8,87.30089119641363,2
586,1,11,101.09087079504415,1
586,1,12,101.09087079504415,1
586,11,6,87.39592573330023,1
586,14,6,87.39592573330023,1
586,15,6,87.39592573330023,1
586,4,6,87.38344167307307,2
586,4,7,87.38344167307307,1
586,5,7,87.38344167307307,3
586,2,7,87.30092310035134,1
586,12,8,87.11986607075946,1
586,13,8,87.11986607075946,1
586,14,8,87.11986607075946,1
586,15,8,87.11986607075946,1
586,11,8,87.11986485995911,1
587,12,1,94.55639199203856,1
587,2,13,101.26673294367862,1
587,2,14,101.26673294367862,1
587,2,15,101.26673294367862,1
587,2,4,101.27921700390579,2
588,3,11,97.59109772604896,1
588,3,14,97.59109772604896,1
588,3,4,97.603598710851,3
589,2,4,99.31005526756682,3
589,2,5,99.31005526756682,2
590,6,12,99.37366231276945,1
590,7,13,99.37366231276945,1
590,8,14,99.37366231276945,1
591,6,11,105.17559026334403,1
591,6,12,105.17559026334403,1
591,6,13,105.17559026334403,1
591,6,14,105.17559026334403,1
591,7,15,105.17559026334403,1
591,7,4,105.18769942632468,3
591,8,5,105.18769942632468,3
591,8,12,105.23191028125618,1
594,3,13,101.2978071453813,1
594,11,6,95.5650303115552,1
594,13,7,95.5650303115552,1
594,14,8,95.5650303115552,1
595,15,1,96.5956173535347,1
595,13,2,96.05946416936843,1
595,14,2,96.05946416936843,1
595,15,2,96.05946416936843,1
595,4,2,96.04697376989444,2
596,1,11,98.42127583237512,1
596,1,12,98.42127583237512,1
596,1,14,98.42127583237512,1
596,3,15,99.00750661419382,1
596,3,11,99.00750890278212,1
596,3,12,99.00750890278212,1
596,3,14,99.00750890278212,1
596,6,15,104.86180083268302,1
596,6,14,104.86180998703622,1
596,6,15,104.86180998703622,1
596,7,11,104.86184660444908,1
596,7,13,104.86184660444908,1
596,7,14,104.86184660444908,1
596,8,11,104.86199307410052,1
596,8,12,104.86199307410052,1
596,8,13,104.86199307410052,1
597,1,14,100.81317643207653,1
597,11,6,87.3916596275449,1
597,12,6,87.3916596275449,1
597,14,6,87.3916596275449,1
597,15,6,87.3916596275449,1
597,4,6,87.38081945649537,1
597,4,7,87.38081945649537,2
597,5,7,87.38081945649537,3
597,13,8,87.11869943036903,1
597,14,8,87.11869943036903,1
597,12,8,87.11869033200432,1
597,13,8,87.11869033200432,1
597,14,8,87.11869033200432,1
598,1,15,99.86015620986208,1
598,1,4,99.8709963809116,1
598,2,4,100.28568337063982,2
598,2,5,100.28568337063982,2
599,11,3,97.03602176016796,1
599,12,11,97.10220880030823,1
599,13,12,97.10220880030823,1
599,11,15,97.10161074465012,1
600,1,4,98.25943980811448,3
600,3,5,97.32265015017691,3
600,3,13,97.36120259531707,1
600,3,4,97.32550970685384,1
600,12,13,97.10304052298856,1
600,14,15,97.10304052298856,1
601,6,4,104.61527832082803,3
601,7,5,104.61527832082803,3
601,8,13,104.8210789337701,2
601,8,14,104.8210789337701,1
601,15,12,97.1037554121578,1
603,4,2,94.49187497808666,3
603,5,2,94.49187497808666,2
605,12,3,94.391463375108,1
605,14,3,94.391463375108,1
605,15,3,94.391463375108,1
605,4,3,94.37699670026882,1
606,2,12,97.15573972992442,1
606,2,14,97.15573972992442,1
606,2,11,97.16042120777368,1
606,2,14,97.16042120777368,1
606,2,15,97.16042120777368,1
609,3,12,98.08756730829626,1
609,3,13,98.08756730829626,1
609,3,14,98.08756730829626,1
609,3,15,98.08756730829626,1
611,2,15,99.47987442051576,1
611,2,11,99.47988699074665,1
611,2,12,99.47988699074665,1
611,2,13,99.47988699074665,1
611,2,14,99.47988699074665,1
612,11,2,96.16427344373821,1
612,12,2,96.16427344373821,1
612,6,15,100.43590264700114,1
612,7,11,100.43624910673509,1
612,8,14,100.43624910673509,1
614,1,11,99.99798391572557,1
614,1,12,99.99798391572557,1
614,1,13,99.99798391572557,1
614,1,14,99.99798391572557,1
614,6,11,99.73450562309806,1
614,7,15,99.73450562309806,1
614,8,13,99.74697080387178,1
617,1,11,101.4646939175672,1
617,1,12,101.4646939175672,1
617,1,13,101.4646939175672,1
617,1,14,101.4646939175672,1
618,2,11,98.24077301133448,1
618,2,13,98.24077301133448,1
618,2,14,98.24077301133448,1
618,14,3,93.6011828374833,1
620,3,12,100.78119540631108,1
620,3,13,100.78119540631108,1
621,3,13,98.42815099794218,1
622,11,1,94.11770847027569,1
622,12,1,94.11770847027569,1
622,13,1,94.11770847027569,1
623,14,1,93.77748812660082,1
623,13,1,93.77748571979816,1
623,14,1,93.77748571979816,1
623,15,1,93.77747766880775,1
623,6,11,101.4453423192449,1
623,6,12,101.4453423192449,1
623,7,13,101.4453423192449,1
623,7,14,101.4453423192449,1
623,8,15,101.4453423192449,1
623,8,15,101.44534402951953,1
625,11,1,94.37535790120381,1
625,12,1,94.37535790120381,1
625,3,11,100.10520860784294,1
625,3,12,100.10520860784294,1
627,11,1,92.78620524858329,1
627,13,1,92.78620524858329,1
631,1,12,99.59179962862555,1
631,2,14,99.50724076176701,1
631,2,15,99.50724076176701,1
631,2,13,99.50724087202775,1
631,2,14,99.50724087202775,1
631,11,6,88.5552140393322,1
631,12,6,88.5552140393322,1
631,15,6,88.5552140393322,1
631,11,6,88.55521398955176,1
631,12,7,88.55521398955176,1
631,11,7,88.55521368016926,1
631,12,7,88.55521368016926,1
631,14,7,88.55521368016926,1
631,15,8,88.55521368016926,1
631,12,8,88.55520749251912,1
631,13,8,88.55520749251912,1
631,13,8,88.55518769203869,1
632,14,2,92.61556893347638,1
632,15,2,92.61556893347638,1
632,11,2,92.61548973155466,1
632,12,2,92.61548973155466,1
632,13,2,92.61548973155466,1
632,3,11,99.07366010570215,1
632,3,12,99.07366010570215,1
632,3,13,99.07366010570215,1
632,3,14,99.07366010570215,1
632,3,15,99.07366010570215,1
633,2,15,100.94761330769586,1
633,2,14,100.9476246934403,1
633,2,14,100.947661685045,1
633,2,15,100.94780779537201,1
635,12,2,93.15950409495215,1
635,11,2,93.15949912132314,1
635,3,12,101.88123325774649,1
635,3,14,101.88123325774649,1
635,3,15,101.8818179534326,1
635,3,14,101.88415571866463,1
637,13,2,92.81001483257991,1
637,14,2,92.81001483257991,1
637,14,2,92.80991586152297,1
637,4,2,92.79754222026031,1
640,3,11,100.56813244224847,1
640,3,12,100.56813244224847,1
640,3,13,100.56813244224847,1
640,3,14,100.56813244224847,1
640,11,6,94.74050729003989,1
640,12,7,94.74050729003989,1
640,13,8,94.74050729003989,1
641,11,1,97.0222477804779,1
641,3,15,98.31662456816292,1
642,11,6,93.7060631355629,1
642,12,7,93.7060631355629,1
642,13,8,93.7060631355629,1
643,1,11,101.7696770190748,1
643,1,12,101.7696770190748,1
643,1,13,101.7696770190748,1
643,1,15,101.7696770190748,1
643,2,11,100.83006794345684,1
643,2,14,100.83006794345684,1
645,3,11,101.84961372552849,1
645,3,13,101.84961372552849,1
645,3,15,101.84961372552849,1
646,11,6,87.37092577970387,1
646,12,6,87.37092577970387,1
646,13,6,87.37092577970387,1
646,11,6,87.37092397988252,1
646,13,6,87.37092397988252,1
646,14,7,87.37092397988252,1
646,15,7,87.37092397988252,1
646,11,7,87.3709167805971,1
646,12,7,87.3709167805971,1
646,13,7,87.3709167805971,1
646,14,8,87.37087780247369,1
646,12,8,87.37073133670191,1
646,13,8,87.37073133670191,1
646,14,8,87.37073133670191,1
646,15,8,87.37014547361483,1
649,3,11,101.10342549684177,1
649,12,13,97.16324928160371,1
649,13,15,97.16324928160371,1
649,14,11,97.16398016244182,1
650,11,1,92.34000990108592,1
650,12,1,92.34000990108592,1
650,12,13,97.16416288265135,1
650,13,15,97.16416288265135,1
650,14,15,97.16650063015192,1
651,11,14,97.17877389318724,1
651,12,15,97.17877389318724,1
651,14,4,97.18474680073064,1
652,11,4,97.1892264813882,1
652,12,4,97.1892264813882,1
652,13,4,97.1892264813882,1
652,14,5,97.1892264813882,1
652,15,5,97.1892264813882,1
653,6,4,103.21124408717053,3
653,7,5,103.21124408717053,3
653,8,14,103.43155999377436,3
654,4,11,97.47274504477062,1
654,4,12,97.47274504477062,1
654,4,13,97.47274504477062,1
654,5,14,97.47274504477062,1
655,2,4,99.09821133754073,2
655,4,11,97.47274504477062,1
655,4,13,97.47274504477062,1
655,4,14,97.47274504477062,1
655,5,15,97.47274504477062,1
656,4,11,97.47274504477062,1
656,4,12,97.47274504477062,1
656,4,13,97.47274504477062,1
657,2,4,98.50757602571653,3
657,4,11,97.47274504477062,1
657,4,12,97.47274504477062,1
657,4,14,97.47274504477062,1
657,5,15,97.47274504477062,1
658,6,4,105.07324771844044,3
658,7,5,105.07324771844044,3
658,8,1,105.18423014045112,3
658,4,11,97.47274504477062,1
658,4,14,97.47274504477062,1
658,4,15,97.47274504477062,1
659,3,1,101.08923896756144,1
659,3,2,101.10868945711043,1
659,4,14,97.55598186127864,1
659,4,15,97.55598186127864,1
660,4,11,97.55598186127864,1
660,4,12,97.55598186127864,1
660,4,13,97.55598186127864,1
660,5,14,97.55598186127864,1
660,5,15,97.55598186127864,1
661,4,6,91.55605001419323,3
661,5,7,91.55605001419323,3
661,11,8,91.38957638117722,1
661,13,8,91.38957638117722,1
661,14,8,91.38957638117722,1
662,2,11,97.91935760732028,1
662,2,12,97.91935760732028,1
662,2,15,97.91935760732028,1
662,2,4,97.98099272714907,2
662,4,6,89.52554820344781,3
662,5,6,89.52554820344781,1
662,5,7,89.52554820344781,2
662,15,7,89.47312894685422,1
662,13,7,89.38141878038164,1
662,14,8,89.38141878038164,1
662,13,8,89.37888079779614,1
662,14,8,89.37888079779614,1
662,3,8,89.30846466058344,1
664,11,1,93.20357169804946,1
665,3,12,100.3907253254813,1
665,3,14,100.3907253254813,1
665,3,15,100.3907253254813,1
665,3,4,100.40425478701619,2
667,1,13,99.27910513241149,1
667,1,14,99.27910513241149,1
667,1,15,99.27910513241149,1
667,1,4,99.29439927183302,1
668,11,2,93.65482095434493,1
668,13,2,93.65482095434493,1
669,14,3,93.59699879797606,1
670,3,13,101.77637365664103,1
670,3,14,101.77637365664103,1
670,3,15,101.77637365664103,1
670,3,12,101.77692512949744,1
671,12,6,95.63812481935554,1
671,13,7,95.63812481935554,1
671,15,8,95.63812481935554,1
672,11,3,92.74513050709767,1
672,13,3,92.74513050709767,1
672,14,3,92.74513050709767,1
672,15,3,92.74513050709767,1
672,15,3,92.74479045273432,1
673,13,1,96.69263406597918,1
675,11,1,96.96940390396259,1
675,12,1,96.96940390396259,1
675,6,13,107.16309812103145,1
675,6,14,107.16309812103145,1
675,6,15,107.16309812103145,1
675,6,11,107.16323067589613,1
675,6,13,107.16323067589613,1
675,7,15,107.16323067589613,1
675,7,13,107.163675881764,1
675,7,14,107.163675881764,1
675,7,15,107.163675881764,1
675,7,4,107.17550720193196,1
675,8,4,107.17550720193196,2
675,8,5,107.17550720193196,3
676,1,2,99.11035013301802,2
676,11,3,95.07272046138782,1
676,4,11,97.54783029501263,1
676,4,12,97.54783029501263,1
676,4,13,97.54783029501263,1
676,5,14,97.54783029501263,1
676,5,15,97.54783029501263,1
677,2,4,101.12090188873093,3
677,2,5,101.12090188873093,2
677,3,5,98.12251985299599,1
677,3,2,98.20289593106098,2
677,4,11,97.54783029501263,1
677,4,12,97.54783029501263,1
677,4,13,97.54783029501263,1
677,5,14,97.54783029501263,1
677,5,15,97.54783029501263,1
678,4,12,97.54783029501263,1
678,4,13,97.54783029501263,1
678,4,15,97.54783029501263,1
679,3,4,102.32840154940698,3
679,3,5,102.32840154940698,1
679,4,11,97.54783029501263,1
679,4,13,97.54783029501263,1
679,4,15,97.54783029501263,1
680,3,4,97.85044544869274,2
680,4,11,97.54783029501263,1
680,4,12,97.54783029501263,1
680,4,13,97.54783029501263,1
680,5,15,97.54783029501263,1
681,4,11,97.54783029501263,1
681,4,13,97.54783029501263,1
681,4,15,97.54783029501263,1
682,5,2,95.39781104587888,3
682,14,2,95.3174349678139,1
682,15,2,95.31730383279634,1
682,11,3,93.67266990896411,1
682,12,3,93.67266990896411,1
682,15,3,93.67266990896411,1
682,14,3,93.67057174868317,1
682,4,11,97.54783029501263,1
682,4,12,97.54783029501263,1
682,4,13,97.54783029501263,1
682,5,14,97.54783029501263,1
682,5,15,97.54783029501263,1
683,5,3,94.18110915058628,1
683,4,11,97.54783029501263,1
683,4,13,97.54783029501263,1
684,4,11,97.54783029501263,1
684,4,12,97.54783029501263,1
684,4,13,97.54783029501263,1
684,5,14,97.54783029501263,1
684,5,15,97.54783029501263,1
685,4,12,97.54783029501263,1
685,4,15,97.54783029501263,1
686,4,1,95.95358592914073,1
686,4,11,97.54783029501263,1
686,4,12,97.54783029501263,1
686,4,14,97.54783029501263,1
686,5,15,97.54783029501263,1
687,1,4,98.28369131194711,3
687,1,5,98.28369131194711,2
687,5,2,96.33501311212453,2
687,15,2,96.2518831986908,1
687,4,11,97.54783029501263,1
687,4,15,97.54783029501263,1
688,4,3,93.30801335148433,1
688,5,3,93.30801335148433,3
688,11,3,93.219785420955,1
688,4,12,97.54783029501263,1
688,4,13,97.54783029501263,1
688,4,14,97.54783029501263,1
689,4,11,97.54783029501263,1
689,4,12,97.54783029501263,1
689,4,14,97.54783029501263,1
689,5,15,97.54783029501263,1
690,2,4,101.91615491464933,3
690,2,5,101.91615491464933,1
690,4,11,97.54783029501263,1
690,4,12,97.54783029501263,1
690,4,13,97.54783029501263,1
690,5,14,97.54783029501263,1
690,5,15,97.54783029501263,1
691,4,12,97.54783029501263,1
691,4,15,97.54783029501263,1
692,4,2,96.50939684969052,1
692,3,4,98.18450785748257,3
692,3,5,98.18450785748257,1
692,4,12,97.54783029501263,1
692,4,13,97.54783029501263,1
692,4,15,97.54783029501263,1
693,4,12,97.54783029501263,1
693,4,13,97.54783029501263,1
693,4,14,97.54783029501263,1
694,2,4,98.77076645383656,3
694,4,11,97.54783029501263,1
694,4,13,97.54783029501263,1
694,4,15,97.54783029501263,1
695,5,2,94.21201545335865,3
695,12,2,94.12378752282933,1
695,4,11,97.54783029501263,1
695,4,14,97.54783029501263,1
695,4,15,97.54783029501263,1
696,2,4,101.36762207281521,2
696,4,6,94.7648039581849,1
696,4,7,94.7648039581849,1
696,4,8,94.7648039581849,1
696,5,11,97.54783029501263,1
696,5,12,97.54783029501263,1
696,5,13,97.54783029501263,1
697,4,6,87.96744024097224,3
697,5,6,87.96744024097224,1
697,5,7,87.96744024097224,2
697,13,7,87.9527852412443,1
697,14,7,87.9527852412443,1
697,3,8,87.93450793607964,4
699,1,4,101.23310627188235,3
699,12,11,97.27854959847011,1
699,13,11,97.27854959847011,1
699,4,12,97.27023235998583,2
699,4,15,97.27023235998583,1
699,5,15,97.27023235998583,1
700,5,2,94.00695409014321,2
700,4,11,97.26804474583005,2
700,4,12,97.26804474583005,1
700,5,12,97.26804474583005,1
700,5,13,97.26804474583005,2
700,3,14,97.25578549717304,1
701,1,14,99.04884355839243,1
701,1,11,99.19759665513735,1
701,4,11,96.98903013287,1
701,4,12,96.98903013287,1
701,4,13,96.98903013287,1
701,5,14,96.98903013287,1
702,4,13,96.98903013287,1
702,4,14,96.98903013287,1
702,4,15,96.98903013287,1
703,4,12,96.98903013287,1
703,4,13,96.98903013287,1
703,4,14,96.98903013287,1
703,5,15,96.98903013287,1
704,4,12,96.98903013287,1
704,4,14,96.98903013287,1
705,2,4,97.58859115145879,1
705,4,3,96.17415401447722,1
705,5,3,96.17415401447722,3
705,15,3,95.94075064845089,1
705,4,11,96.98903013287,1
705,4,12,96.98903013287,1
706,4,1,96.54168062488466,1
706,5,1,96.54168062488466,3
706,3,4,98.8124615801351,3
706,3,5,98.8124615801351,1
706,4,11,96.98903013287,1
706,4,12,96.98903013287,1
706,4,13,96.98903013287,1
706,5,14,96.98903013287,1
706,5,15,96.98903013287,1
707,4,11,96.98903013287,1
707,4,13,96.98903013287,1
707,4,15,96.98903013287,1
708,5,3,95.82227834089093,3
708,14,3,95.58863049509338,1
708,4,11,96.98903013287,1
708,4,12,96.98903013287,1
708,4,14,96.98903013287,1
708,5,15,96.98903013287,1
709,1,4,101.81887620028121,3
709,1,5,101.81887620028121,2
709,2,5,98.89928987436207,1
709,4,6,87.32911309125888,3
709,5,6,87.32911309125888,2
709,5,7,87.32911309125888,1
709,15,7,87.09546524546133,1
709,3,7,86.96192384639426,3
709,1,8,86.94331350571403,3
709,3,8,86.92352127306808,2
710,13,4,96.66693129283034,1
710,14,4,96.66693129283034,1
711,1,4,99.06876365643262,1
711,1,5,99.06876365643262,2
711,2,5,99.47511864795464,1
711,2,12,99.64931123945233,1
711,2,12,99.89106920718393,1
711,2,14,99.89106920718393,1
711,3,15,98.4631093035697,1
711,3,14,98.49989576897039,1
711,3,15,98.49989576897039,1
711,11,4,96.66693129283034,1
711,12,4,96.66693129283034,1
711,13,4,96.66693129283034,1
711,14,5,96.66693129283034,1
711,15,5,96.66693129283034,1
712,11,4,96.66693129283034,1
712,12,4,96.66693129283034,1
712,14,4,96.66693129283034,1
712,15,5,96.66693129283034,1
713,11,4,96.66693129283034,1
713,12,4,96.66693129283034,1
713,13,4,96.66693129283034,1
713,14,5,96.66693129283034,1
714,12,4,96.66693129283034,1
714,13,4,96.66693129283034,1
714,14,4,96.66693129283034,1
714,15,5,96.66693129283034,1
715,11,4,96.66693129283034,1
715,12,4,96.66693129283034,1
715,14,4,96.66693129283034,1
715,15,5,96.66693129283034,1
716,11,4,96.66693129283034,1
716,12,4,96.66693129283034,1
717,1,4,96.82680420786095,1
717,1,5,96.82680420786095,2
717,4,2,95.9488850989186,3
717,3,5,99.47840215889224,1
717,11,4,96.66693129283034,1
717,12,4,96.66693129283034,1
717,14,4,96.66693129283034,1
717,15,5,96.66693129283034,1
718,11,4,96.66693129283034,1
718,12,4,96.66693129283034,1
718,14,4,96.66693129283034,1
718,15,5,96.66693129283034,1
719,4,6,89.46761632375782,3
719,5,7,89.46761632375782,3
719,3,8,89.3005268287412,3
719,11,4,96.66693129283034,1
719,12,4,96.66693129283034,1
719,15,4,96.66693129283034,1
720,12,4,96.54161417156787,2
720,13,4,96.54161417156787,1
720,13,5,96.54161417156787,1
720,14,5,96.54161417156787,2
721,1,3,101.66723148773318,4
721,4,2,94.07363720267443,2
721,3,1,98.36284554541001,1
721,3,2,98.57669397477656,1
722,1,12,100.710663120647,1
722,1,15,100.710663120647,1
722,1,4,100.7316011666834,2
723,2,12,99.39742466168185,1
723,2,13,99.39742466168185,1
728,3,11,99.50150006415501,1
728,3,12,99.50150006415501,1
728,3,13,99.50150006415501,1
728,3,14,99.50150006415501,1
730,11,1,94.84242894001278,1
730,12,3,96.80785763340128,1
730,13,3,96.80785763340128,1
730,14,3,96.80785763340128,1
730,15,3,96.80785763340128,1
730,12,3,96.80783816835688,1
730,6,11,101.89000134067345,1
730,6,12,101.89000134067345,1
730,7,13,101.89000134067345,1
730,7,14,101.89000134067345,1
730,8,15,101.89000134067345,1
730,8,15,101.89003081570868,1
734,1,11,98.74072393748814,1
734,1,13,98.74072393748814,1
734,1,14,98.74072393748814,1
734,1,15,98.74072393748814,1
734,1,12,98.7407309260703,1
735,11,3,92.73874934799059,1
735,12,3,92.73874934799059,1
735,13,6,87.38424506767636,1
735,14,6,87.38424506767636,1
735,15,6,87.38424506767636,1
735,14,6,87.38422073637085,1
735,12,7,87.38352390045353,1
735,13,7,87.38352390045353,1
735,4,7,87.37174575282785,2
735,4,8,87.37174575282785,1
735,5,8,87.37174575282785,3
736,11,6,95.55016730680549,1
736,12,7,95.55016730680549,1
736,13,8,95.55016730680549,1
737,12,2,93.09369239384003,1
737,14,2,93.09369239384003,1
738,1,14,97.93890070673152,1
738,1,15,97.93890070673152,1
741,2,11,99.19350824005866,1
741,2,13,99.19350824005866,1
741,2,14,99.19350824005866,1
741,2,15,99.19350824005866,1
742,11,3,94.2643453352348,1
743,1,11,97.6180194813698,1
743,1,11,97.61801948673305,1
743,1,12,97.61801948673305,1
745,1,12,98.22718665545307,1
745,1,13,98.22718665545307,1
746,11,2,92.39577553255442,1
746,15,2,92.39577553255442,1
746,13,2,92.39577553241097,1
746,14,2,92.39577553241097,1
746,12,2,92.39577553061108,1
747,13,3,95.8628381553425,1
748,13,1,95.87824648087019,1
748,15,1,95.87824647936785,1
748,3,11,97.58599803755966,1
748,3,13,97.58599803755966,1
748,3,12,97.585998037859,1
748,3,13,97.585998037859,1
748,3,14,97.585998037859,1
748,6,15,98.06392744847244,1
748,7,14,98.0639274551765,1
748,8,12,98.06392763650456,1
749,12,14,97.03634006797284,1
749,12,15,97.03634006797284,1
749,12,13,97.03634880370053,1
749,13,15,97.03634880370053,1
749,13,12,97.03637675802916,1
