time,buyer,seller,price,qty
0,10,1,97.71329681130553,3
0,10,2,94.48405219793588,4
0,1,2,94.23900599142061,1
0,1,3,98.10741475030211,1
0,2,3,97.67209814920331,1
0,5,3,97.54944770536565,1
0,6,3,97.54944770536565,2
0,4,10,104.1309214439595,1
0,4,5,104.87565720559095,1
1,3,5,106.28828570386787,2
1,3,6,106.28828570386787,2
1,4,5,103.00083924756024,2
2,10,3,98.78029158271696,1
2,5,3,97.96275708125307,1
2,6,3,97.96275708125307,1
2,4,10,104.37070464056664,3
3,1,10,100.58273058981328,1
3,10,4,99.3708885828425,1
4,3,10,100.40636561777754,1
4,3,10,100.57078378893394,3
5,10,3,97.26930132134628,1
5,10,3,97.11021762683723,3
5,4,10,101.9871914421625,2
5,4,2,102.40154726854816,1
6,10,1,94.8254735371651,1
6,4,7,57.14184568645507,3
6,10,7,57.07535786095323,2
6,6,7,56.43902308291706,4
6,6,7,56.28345363102571,2
6,5,7,56.2692500827556,5
6,6,7,56.2692500827556,1
6,5,7,56.14483627829389,3
6,6,7,56.14483627829389,3
6,5,7,56.1184076491621,1
6,6,7,56.1184076491621,1
6,5,7,56.10762608506425,5
6,6,7,56.10762608506425,5
6,5,8,56.07446941674524,4
6,6,8,56.07446941674524,2
6,5,8,56.02840707234765,3
6,6,8,56.02840707234765,5
6,5,8,56.02182167447106,5
6,6,8,56.02182167447106,3
6,5,8,56.02017532500192,1
6,6,8,56.02017532500192,5
6,5,8,56.017317293749066,3
6,6,8,56.017317293749066,2
6,5,8,55.99929977086108,2
6,6,9,55.99929977086108,3
6,5,9,55.993045181943764,2
6,6,9,55.993045181943764,4
6,5,9,55.97286170416768,5
6,6,9,55.97286170416768,1
6,5,9,55.949918925552346,2
6,6,9,55.949918925552346,3
6,5,9,55.94722353452787,5
6,6,9,55.94722353452787,1
6,5,9,55.92722967930913,5
6,6,9,55.92722967930913,2
6,1,9,55.82961900279923,2
8,1,10,102.71995401265329,1
8,1,10,102.76278637020167,1
8,2,4,102.6649420690245,4
8,3,2,104.57138640557224,1
8,3,5,104.79192976968753,4
9,10,1,99.38518499537065,1
9,2,6,106.49233411192822,1
9,2,5,106.81562206946654,2
9,2,6,106.81562206946654,1
9,10,4,97.43005869376199,1
10,3,1,96.69498089356992,3
10,10,4,99.59878421106976,4
11,10,1,99.59786530387544,1
11,5,3,97.48211046123092,1
11,6,3,97.48211046123092,3
11,6,7,63.07568068052633,1
11,5,7,62.702550364192845,2
11,6,7,62.702550364192845,3
11,5,7,62.66931840594086,1
11,6,7,62.66931840594086,2
11,5,7,62.64843763163603,2
11,6,7,62.64843763163603,2
11,1,7,62.474834420895164,1
11,2,7,62.450818708670795,2
11,5,7,62.402527608265586,1
11,6,7,62.402527608265586,2
11,2,7,62.38099240414962,1
11,5,7,62.30658373132785,4
11,6,7,62.30658373132785,2
11,5,7,62.284921139355646,2
11,6,7,62.284921139355646,1
11,6,7,62.06831832437227,1
11,6,8,62.06831832437227,1
11,6,8,62.056621583989724,1
11,5,8,62.0393215948737,4
11,6,8,62.0393215948737,1
11,1,8,62.01792191154556,3
11,2,8,62.003827822146306,5
11,5,8,61.90706649335803,2
11,6,8,61.90706649335803,5
11,1,8,61.7760980025016,3
11,1,8,61.74423112984958,2
11,4,8,61.650625858512086,1
11,3,8,61.59522594018617,1
11,4,8,61.58297160108502,1
11,4,9,61.58297160108502,4
11,2,9,61.5312198779899,5
11,2,9,61.48535847859334,5
11,5,9,61.46269772629576,4
11,6,9,61.46269772629576,5
11,2,9,61.457990069164836,1
11,4,9,61.30825133323199,1
11,4,9,61.10272658204357,2
11,4,9,61.0871457018699,3
12,1,2,92.91858196579737,1
12,1,3,92.63398050032032,1
12,4,3,92.63049057984867,2
12,4,5,99.3618925750817,1
12,6,7,76.55977316373163,2
12,4,7,76.47023869534328,3
12,3,7,76.37434437116893,4
12,4,7,76.18020761314276,3
12,3,7,75.78850191973271,1
12,3,7,75.51578235356288,1
12,1,7,75.51023175954123,2
12,1,8,75.51023175954123,2
12,2,8,75.45791072858398,3
12,1,8,75.35467326026884,5
12,4,8,75.18884320068538,1
12,1,8,75.17483180558506,4
12,4,8,75.14517725761661,1
12,4,9,74.93278551013415,3
12,2,9,74.9285755838457,5
12,1,9,74.87231201304833,3
12,2,9,74.70983596848177,1
12,3,9,74.69739209470238,3
12,2,9,74.59611476961433,1
13,2,5,101.2052377919783,3
13,2,6,101.2052377919783,1
13,2,1,101.29128233989502,1
14,2,1,100.73152200699658,1
14,10,3,96.87973182235689,2
14,10,1,99.59528132225694,2
16,10,3,97.35448196704745,1
16,10,3,97.24652337732388,3
16,10,3,97.10045694762039,1
17,10,2,96.45107794462302,1
17,10,2,96.17006327776508,3
17,10,3,94.24886276133711,3
18,10,1,95.68246463806278,2
18,4,3,96.1647888109279,2
18,4,10,100.85224837392946,1
18,4,10,100.86699453008822,1
18,4,10,101.05834341025924,2
19,1,10,101.76149584922095,4
20,10,1,94.4957111916035,2
20,10,1,93.78366814774466,1
20,3,10,104.72792031510738,1
20,3,10,104.90297632986852,2
21,2,5,101.6830206452197,2
21,2,6,101.6830206452197,1
21,2,5,101.9824568261119,2
21,10,7,96.03959684678425,1
21,4,7,96.02931816385669,2
21,4,8,96.02931816385669,2
21,4,8,95.93564621401538,1
21,10,9,95.26633857929286,3
22,10,1,93.01864557279147,1
22,10,2,94.75252027936418,2
22,3,10,100.42912037813997,4
22,10,4,97.07861902741782,1
23,10,1,96.91587723069901,2
23,2,10,101.06697061374439,2
23,3,5,105.78810840296704,2
24,10,2,97.96099352629487,3
24,3,10,105.30013344149074,1
24,3,5,106.23121873871114,2
24,7,5,102.07970986408426,1
24,8,6,102.07970986408426,1
24,9,6,102.07970986408426,1
25,4,6,102.76084757187284,1
25,3,10,100.94999405767354,5
27,10,1,94.32054544718753,1
27,10,1,94.20417683501034,1
27,3,1,93.80319935311744,2
27,10,2,94.53659980180547,4
27,10,3,93.90243479897057,4
27,7,10,127.73199427876634,1
27,7,10,127.90943948448324,3
27,7,6,128.61922030735082,2
27,7,6,128.65320344415778,4
27,7,5,128.65850060647568,5
27,7,6,128.65850060647568,4
27,7,1,128.68846612373568,1
27,7,5,128.79210210283665,3
27,8,6,128.79210210283665,3
27,8,5,128.857775962314,3
27,8,6,128.857775962314,4
27,8,6,128.85815099413435,4
27,8,5,128.86098461033956,3
27,8,6,128.86098461033956,4
27,8,5,128.87451855309106,2
27,9,5,128.87451855309106,3
27,9,6,128.87451855309106,1
27,9,6,128.90632246962286,4
27,9,5,128.9170214002754,2
27,9,6,128.9170214002754,4
27,9,5,128.91759331128333,2
27,9,6,128.91759331128333,2
27,9,5,128.92984733032438,1
27,9,6,128.92984733032438,1
27,9,5,128.93897298351894,2
27,9,6,128.93897298351894,1
28,1,10,103.63492467151946,1
28,1,6,104.88626467770126,2
28,4,2,104.1359876849829,1
28,7,2,126.78675728294354,4
28,7,5,127.13824815768677,5
28,7,6,127.13824815768677,5
28,7,6,127.54140408180446,1
28,7,5,127.54232384951626,2
28,7,6,127.54232384951626,1
28,7,5,127.54335301674253,3
28,7,6,127.54335301674253,1
28,8,6,127.54335301674253,2
28,8,5,127.54611062291823,5
28,8,6,127.54611062291823,5
28,8,5,127.57634024304372,4
28,8,6,127.57634024304372,2
28,8,5,127.60974061713395,4
28,9,6,127.60974061713395,1
28,9,5,127.62921041477861,1
28,9,6,127.62921041477861,4
28,9,5,127.63326451744616,5
28,9,6,127.63326451744616,5
28,9,5,127.64054487959945,2
28,9,6,127.64054487959945,3
28,9,3,127.76506891637885,1
29,2,3,104.089244787332,2
29,10,4,97.91270497571233,3
30,10,2,99.26953498723941,4
30,3,10,101.04212561756015,4
30,4,10,100.96296590019628,1
30,7,10,115.3060888998734,7
30,7,1,115.97913973765634,3
30,7,5,116.29990494911185,2
30,8,5,116.29990494911185,2
30,8,6,116.29990494911185,4
30,8,2,116.48773386920614,5
30,8,4,116.53722707793779,1
30,9,4,116.53722707793779,1
30,9,5,116.57356406157649,1
30,9,6,116.57356406157649,1
30,9,1,116.63539034392495,5
30,9,5,116.66623266765635,4
31,2,10,100.45150078463152,1
31,3,6,106.04061997191549,4
31,3,5,106.04961665499121,1
32,1,5,106.42851866920883,1
32,2,3,98.05028231452914,2
32,2,3,97.78486421008714,3
32,2,10,100.76158250045354,1
33,3,10,106.41102222080974,3
34,1,10,103.70681005212964,1
34,1,10,104.0000154336077,2
35,3,10,106.18324254343796,5
36,10,2,99.04288426111124,1
36,10,2,98.91952881451026,2
36,10,3,97.19118460605536,1
36,10,7,65.55378189358075,2
36,5,7,65.11804975944959,2
36,6,7,65.11804975944959,1
36,5,7,65.0772364415208,3
36,6,7,65.0772364415208,4
36,10,7,64.92018051333497,15
36,5,7,64.8888838026777,1
36,5,8,64.8888838026777,4
36,6,8,64.8888838026777,3
36,5,8,64.773700301063,3
36,6,8,64.773700301063,4
36,1,8,64.75435914756358,3
36,5,8,64.60643504578533,5
36,6,8,64.60643504578533,1
36,5,8,64.54629926556734,2
36,6,8,64.54629926556734,3
36,5,9,64.54286565152975,3
36,6,9,64.54286565152975,1
36,5,9,64.52048925854984,3
36,6,9,64.52048925854984,3
36,5,9,64.51339041359664,4
36,6,9,64.51339041359664,4
36,5,9,64.47853136736927,3
36,6,9,64.47853136736927,1
36,5,9,64.459963166491,1
36,6,9,64.459963166491,1
36,5,9,64.45734007768971,3
36,6,9,64.45734007768971,1
37,10,4,98.89748106041674,5
38,2,10,104.50959018966927,1
38,2,10,104.57518181962624,3
38,2,10,104.83754833945406,1
38,3,10,105.51632402214267,1
38,3,5,105.79329994872441,1
38,10,4,95.18556779511158,1
39,3,5,101.41386580766778,1
39,4,5,102.31049111303477,3
39,4,6,102.31049111303477,1
40,10,2,97.62719232758542,2
40,10,2,97.39275911773473,2
40,4,10,103.85707204006657,2
41,10,2,99.08928138863536,4
41,5,3,94.97415359708512,3
41,4,2,102.5649491385872,1
42,3,10,101.90013204902093,1
43,3,10,105.80498652761989,3
43,3,1,106.03864758218566,1
43,3,4,106.38936303356093,1
43,10,4,97.71976299626564,1
43,10,4,97.6610221741129,2
43,5,4,96.74972828097242,1
44,6,2,93.5295924680153,1
44,4,3,92.61559860232632,1
44,7,10,101.5294248539376,1
44,8,4,102.21954638691551,1
44,9,4,102.21954638691551,1
45,3,5,106.9894491468177,3
45,10,7,63.681071551733595,9
45,5,7,62.92433398776681,2
45,6,7,62.92433398776681,5
45,1,7,62.73388412191664,4
45,5,7,62.728953075696516,3
45,6,7,62.728953075696516,1
45,5,7,62.700058511501446,4
45,6,7,62.700058511501446,2
45,6,8,62.700058511501446,2
45,5,8,62.67375364354521,4
45,6,8,62.67375364354521,3
45,5,8,62.664198243170866,1
45,6,8,62.664198243170866,3
45,5,8,62.65254198115622,1
45,6,8,62.65254198115622,3
45,5,8,62.64154258316781,5
45,6,8,62.64154258316781,5
45,5,8,62.62075417189923,3
45,6,9,62.62075417189923,1
45,5,9,62.611568430680634,1
45,6,9,62.611568430680634,3
45,5,9,62.59564255164882,1
45,6,9,62.59564255164882,4
45,5,9,62.533172295072774,2
45,6,9,62.533172295072774,1
45,5,9,62.526997979969984,5
45,6,9,62.526997979969984,2
45,5,9,62.52596432638755,5
45,6,9,62.52596432638755,2
45,2,9,62.461635458849265,3
46,5,1,95.82326228370836,1
46,5,3,92.45254263799015,1
46,6,3,92.45254263799015,1
46,10,4,98.98210330622517,3
47,1,2,93.78168831181776,1
47,10,2,93.69184844376721,3
47,3,10,105.91820043702847,5
47,4,5,104.9980425113246,1
48,10,1,96.57275490038168,2
48,10,1,96.27986876751417,2
48,3,2,104.02328685433207,1
48,10,4,97.24192500528756,4
49,10,2,96.49102275081624,1
49,5,4,96.69225752990101,2
49,10,2,99.50753990446353,4
50,2,10,102.3163609847366,4
50,2,5,102.73392432069161,1
50,7,5,141.676399900879,3
50,7,6,141.676399900879,4
50,7,1,141.7466723468379,4
50,7,5,141.89877947194395,2
50,7,6,141.89877947194395,3
50,7,5,142.04351092350177,3
50,7,6,142.04351092350177,4
50,7,4,142.06989172176822,3
50,7,5,142.08349035882566,2
50,7,6,142.08349035882566,5
50,7,4,142.1075410478858,1
50,8,4,142.1075410478858,2
50,8,5,142.23671816112744,4
50,8,6,142.23671816112744,3
50,8,5,142.23780482258587,2
50,8,6,142.23780482258587,3
50,8,5,142.27681647325738,1
50,8,6,142.27681647325738,5
50,8,5,142.33636902435765,2
50,8,6,142.33636902435765,5
50,8,5,142.35822350799899,1
50,8,6,142.35822350799899,4
50,8,5,142.36372915895248,2
50,9,5,142.36372915895248,1
50,9,6,142.36372915895248,4
50,9,5,142.4153936073364,3
50,9,6,142.4153936073364,3
50,9,5,142.41974025317023,3
50,9,6,142.41974025317023,3
50,9,5,142.45011658988813,1
50,9,6,142.45011658988813,3
50,9,5,142.48663678236517,2
50,9,6,142.48663678236517,5
50,9,5,142.54985644874816,1
50,9,6,142.54985644874816,4
50,9,5,142.6360567560683,1
51,3,1,102.03658666409295,1
51,4,5,106.43724462114727,1
51,3,10,101.64782478956982,4
52,1,10,101.61697347695161,4
52,10,4,95.77297730908967,1
52,10,4,95.61677329179665,2
53,1,10,105.81035134268512,3
53,1,2,105.92876686880003,2
53,5,7,76.1252680714758,3
53,6,7,76.1252680714758,1
53,6,7,75.63676709394841,2
53,5,7,75.5759984726748,5
53,6,7,75.5759984726748,2
53,5,7,75.37772376986261,1
53,6,7,75.37772376986261,1
53,5,7,75.29505072737217,3
53,6,7,75.29505072737217,1
53,6,8,75.29505072737217,3
53,3,8,75.26595528717097,3
53,5,8,75.18832432199176,3
53,6,8,75.18832432199176,2
53,5,8,75.11115515510781,4
53,6,8,75.11115515510781,2
53,5,8,75.09966786198382,1
53,6,8,75.09966786198382,1
53,5,9,75.07312593614121,3
53,6,9,75.07312593614121,5
53,5,9,75.02033306515376,3
53,6,9,75.02033306515376,4
53,4,9,74.99057999715453,4
54,10,1,95.8842755266155,4
54,5,1,94.27803762280755,1
54,5,2,97.2084711918981,1
55,6,2,92.87757365405602,2
55,10,3,98.76981079089364,3
56,3,10,102.12630395394027,1
56,3,2,102.30981675835616,1
56,4,2,103.51376172013113,1
56,4,10,103.67702291135006,3
56,1,7,81.36342266490718,2
56,10,7,81.26146031433898,8
56,5,7,80.17434404722924,1
56,6,7,80.17434404722924,1
56,6,7,79.84054905297825,3
56,4,8,79.79162195849665,3
56,5,8,79.75225824446551,4
56,6,8,79.75225824446551,3
56,5,8,79.7320318668068,2
56,6,8,79.7320318668068,2
56,2,8,79.70952558923078,1
56,2,9,79.70952558923078,2
56,5,9,79.70485816884636,5
56,6,9,79.70485816884636,2
56,5,9,79.62901726586769,1
56,6,9,79.62901726586769,4
56,3,9,79.55017822452811,1
57,10,2,94.2922477363492,2
57,1,2,93.10351587877922,1
57,4,10,106.38209985405803,1
58,3,10,103.2590718079204,3
58,3,10,103.55465547656456,1
58,4,10,102.19328217425392,1
58,4,5,102.46862958938729,2
59,10,2,98.57833677724295,1
59,10,3,95.73261261353436,4
60,10,2,96.10621169804966,2
60,10,4,96.38046995882871,3
61,2,10,104.85475633432327,2
61,3,10,102.08204626265228,1
61,3,6,102.63140896590532,1
62,10,1,99.53525846352866,1
62,5,4,94.18760349708462,1
62,6,4,94.18760349708462,1
62,10,1,99.56864260284195,1
63,3,1,102.79441930098105,1
63,3,10,103.23397517342583,1
63,3,5,103.94389648149789,2
63,5,4,97.57559666073072,3
63,6,4,97.57559666073072,1
64,10,1,98.59562793654399,1
65,10,1,96.11085524660119,1
66,10,1,96.06360870680777,3
66,10,1,95.77198675853435,1
66,10,2,94.13882911136628,2
66,10,3,97.98829568174358,1
67,3,10,105.12955664547572,1
67,10,4,96.8316941353134,1
67,10,4,96.46716669997163,1
67,10,7,72.721251460086,8
67,4,7,72.26923271286927,5
67,6,7,72.0013008750783,4
67,5,7,71.89480062466143,3
67,6,7,71.89480062466143,1
67,5,7,71.8811870201611,1
67,5,8,71.8811870201611,1
67,6,8,71.8811870201611,5
67,5,8,71.85503438799789,1
67,6,8,71.85503438799789,2
67,5,8,71.84064397092611,1
67,6,8,71.84064397092611,1
67,5,8,71.81949296305207,2
67,6,8,71.81949296305207,2
67,5,8,71.77554489926523,5
67,6,8,71.77554489926523,1
67,5,8,71.67732726326878,1
67,5,9,71.67732726326878,2
67,6,9,71.67732726326878,1
67,5,9,71.35297641568175,2
67,6,9,71.35297641568175,1
67,5,9,71.10866446413561,1
67,6,9,71.10866446413561,5
67,3,9,71.09750468439958,3
67,3,9,70.93383501874257,1
67,4,9,70.88224401310563,4
67,2,9,70.87931008999446,2
68,1,2,92.79668064723276,1
68,4,10,102.8667232408026,1
68,4,5,103.33321538553804,1
69,2,5,104.25843817888205,2
69,2,6,104.25843817888205,2
69,4,6,100.43218895103067,1
70,10,1,99.55906174788205,3
70,2,5,105.67274349528444,2
70,2,6,105.67274349528444,1
71,1,2,93.89278597725274,1
71,10,2,93.789398588522,1
71,3,10,104.26709335496021,3
72,1,2,102.24577144387908,1
72,10,3,95.40457047032316,3
72,4,2,106.56503369628878,1
73,10,1,94.50909934184595,4
73,10,2,94.88457166585493,2
73,3,10,102.55839390365534,3
73,10,4,98.36551172493418,3
74,10,2,96.10895672562935,4
74,10,2,95.65557243087542,1
74,3,10,101.80088427833655,2
75,2,4,97.7288468049563,1
75,10,4,97.70012650074315,2
75,7,10,119.54729390000634,1
75,7,6,120.26061188270154,5
75,7,2,120.34743400719684,4
75,7,1,120.39076266578815,4
75,7,4,120.43107771015951,2
75,8,4,120.43107771015951,3
75,8,5,120.50712204159636,4
75,8,6,120.50712204159636,4
75,8,5,120.56313812409934,5
75,9,6,120.56313812409934,1
75,9,5,120.57658757644867,3
75,9,6,120.57658757644867,2
75,9,5,120.6015961070879,2
75,9,6,120.6015961070879,3
75,9,5,120.60339637731224,2
75,9,6,120.60339637731224,2
75,9,4,120.6038463838228,1
76,2,4,106.76740838451857,3
76,10,4,95.02846953823921,1
77,2,10,102.80310897614788,4
77,10,3,96.28320191342675,4
77,10,3,95.86370324543006,1
77,4,10,104.5634129107983,2
78,2,10,100.13935750069055,1
78,4,10,102.79410179030691,3
78,4,3,103.59284551389811,2
79,2,1,99.00978408938653,1
79,10,2,95.52313774117866,1
81,10,1,97.56359970872973,3
81,3,10,102.36680429705362,1
81,3,4,102.44717656304556,2
81,3,10,102.60492061422917,2
81,7,4,112.60233583660725,3
81,7,10,112.73499294157662,7
81,8,10,112.73499294157662,1
81,8,5,113.43942574052099,1
81,8,6,113.43942574052099,5
81,8,5,113.53688018955077,2
81,8,6,113.53688018955077,1
81,9,6,113.53688018955077,4
81,9,5,113.5738093401531,5
81,9,6,113.5738093401531,1
82,4,5,102.47942842510761,4
82,4,6,102.47942842510761,1
82,1,10,101.44606142808554,1
83,3,10,101.81870514128809,3
84,1,10,102.16391281495856,2
84,1,10,102.38456335869235,2
84,3,4,95.24810776657289,1
84,3,10,100.10205298719573,1
85,3,1,98.1589777712826,1
85,10,1,98.04272017612068,1
85,3,10,105.46678713789998,5
86,2,10,103.20171340361175,2
86,3,10,103.97518738370832,1
86,3,6,105.04937570358676,3
86,3,5,105.08061040632866,1
86,10,4,95.89715282388781,1
86,2,4,95.76603582715107,2
87,1,5,107.55624809085742,1
87,1,6,107.55624809085742,2
87,1,5,107.57121519876324,1
87,1,6,107.57121519876324,1
88,1,10,106.01953620573914,3
88,2,4,95.41075851408303,3
88,3,4,95.38851591200972,1
88,10,4,95.32759285768432,1
89,2,10,101.86314177012389,3
89,2,3,94.04372444839973,3
89,10,3,93.75207071753218,2
89,4,10,101.89281625165998,4
90,10,2,95.19297348938704,1
90,1,2,94.9686089086874,2
90,10,2,94.68152987755082,1
90,10,7,68.69309981009337,5
90,3,7,68.66979252347213,1
90,5,7,68.57899874818054,5
90,6,7,68.57899874818054,5
90,5,7,68.55653470085069,3
90,6,7,68.55653470085069,2
90,5,7,68.53147446081286,1
90,6,7,68.53147446081286,1
90,1,7,68.52317817857531,2
90,1,8,68.52317817857531,2
90,5,8,68.45284660501224,2
90,6,8,68.45284660501224,4
90,6,8,68.28468137307878,2
90,1,8,68.21224930622334,4
90,6,8,68.18508018297379,4
90,5,8,68.18294171821124,3
90,6,8,68.18294171821124,4
90,5,9,68.16881927112907,4
90,6,9,68.16881927112907,4
90,5,9,68.12626614056981,1
90,6,9,68.12626614056981,3
90,5,9,68.12225674522551,2
90,6,9,68.12225674522551,2
90,2,9,68.10585386114283,2
90,5,9,68.06714764232052,3
90,6,9,68.06714764232052,2
90,5,9,68.04589554931167,2
91,2,3,94.45867549497555,1
91,5,3,93.95621097175557,2
91,6,3,93.95621097175557,1
92,1,10,102.02334196836648,2
92,1,10,102.25756863654856,2
93,10,1,96.85186775293013,2
93,10,1,96.62237679790448,3
93,10,2,97.46136510405236,2
93,3,10,102.91029377900651,2
93,3,5,103.27873225355059,1
93,3,6,103.27873225355059,2
94,1,10,103.24692997314995,2
94,1,5,104.32284984805108,3
94,7,5,111.1679574957684,5
94,7,6,111.1679574957684,2
94,7,5,111.16939161138427,1
94,8,6,111.16939161138427,2
94,8,5,111.19233746123813,4
94,8,6,111.19233746123813,2
94,9,6,111.19233746123813,3
94,9,5,111.26324659085012,4
94,9,6,111.26324659085012,1
95,2,5,102.67921696413154,1
95,2,6,102.67921696413154,2
95,3,6,105.18609712913542,2
95,3,5,105.20122551631344,1
96,3,10,103.3357797344164,2
96,4,10,100.12102850921679,2
97,4,3,96.91819240236637,3
97,10,3,96.80087558194913,1
98,2,10,102.82834103883636,1
99,1,10,103.9425951361278,1
99,7,10,134.92877329441157,2
99,7,10,135.13490397978086,9
99,7,4,135.98787948323906,3
99,7,5,136.06514294093577,3
99,7,6,136.06514294093577,2
99,7,5,136.09187192885338,4
99,7,6,136.09187192885338,4
99,7,5,136.10658465261469,2
99,8,5,136.10658465261469,3
99,8,6,136.10658465261469,4
99,8,5,136.1106421838222,4
99,8,6,136.1106421838222,2
99,8,5,136.11240253866288,4
99,8,6,136.11240253866288,4
99,8,5,136.11936572164035,3
99,8,6,136.11936572164035,2
99,8,5,136.13367745970478,3
99,9,5,136.13367745970478,1
99,9,6,136.13367745970478,1
99,9,5,136.13923342744513,5
99,9,6,136.13923342744513,2
99,9,5,136.14069909109423,2
99,9,6,136.14069909109423,5
99,9,5,136.16157537137752,2
99,9,6,136.16157537137752,1
99,9,5,136.21222662886646,5
99,9,6,136.21222662886646,3
99,9,5,136.21377411966034,2
100,1,5,104.1457118166878,1
100,1,6,104.1457118166878,1
100,3,6,107.8126111512513,1
100,3,5,107.81834761371476,1
100,3,6,107.81834761371476,1
100,7,5,115.08073063422714,2
100,7,6,115.08073063422714,4
100,7,5,115.1026443081665,4
100,8,6,115.1026443081665,3
100,8,5,115.12546597660995,1
100,8,6,115.12546597660995,1
100,8,5,115.12935654607169,1
100,8,6,115.12935654607169,2
100,8,5,115.13115355835268,1
100,8,6,115.13115355835268,1
100,9,6,115.13115355835268,1
100,9,5,115.14031265174762,4
100,9,6,115.14031265174762,1
100,9,5,115.14256078136978,4
100,2,10,100.86343873410866,5
101,4,1,97.0640533012109,1
101,4,10,100.45658169994927,4
102,10,2,98.87304616915584,1
102,10,3,96.01329728892699,1
103,10,1,96.85529209005968,5
103,10,3,99.04889495577117,1
103,5,3,98.74782429199612,4
105,1,10,105.10680958752414,1
105,1,10,105.22936694190804,1
105,3,10,103.46307703612513,1
105,3,4,103.48873325889309,1
105,3,10,103.64419423204241,3
105,4,10,106.19358738619339,5
106,10,3,97.54822349186898,1
106,10,3,97.49250567018544,2
106,2,3,97.08350663061142,2
107,1,10,104.51870636339771,1
107,1,10,104.52601171294657,1
107,1,4,105.01504888536911,1
107,7,4,120.66280450505816,3
107,7,4,121.08219601399429,1
107,7,5,121.17490825297881,5
107,7,6,121.17490825297881,3
107,7,1,121.19847901240965,3
107,7,5,121.2890186845282,2
107,8,5,121.2890186845282,3
107,8,6,121.2890186845282,4
107,8,5,121.40324021897945,3
107,8,6,121.40324021897945,4
107,8,5,121.4168196360171,1
107,8,6,121.4168196360171,2
107,9,5,121.43179560259227,5
107,9,6,121.43179560259227,3
107,9,5,121.49169946889295,1
107,9,6,121.49169946889295,3
107,9,5,121.61202590138777,1
107,9,6,121.61202590138777,1
107,9,5,121.6163246082597,3
108,1,5,103.61586371632873,2
108,4,6,107.41240834087922,3
109,4,10,103.67667622580242,2
110,1,10,105.83770969477153,2
110,1,10,106.11697686176511,1
110,3,10,105.45737934657416,5
110,10,4,98.65351644601975,1
111,1,10,105.55746907418754,2
111,10,2,94.24661119598795,1
111,10,2,94.14489564482969,3
111,3,2,93.71894388612341,1
111,3,10,100.99964466012045,2
111,7,10,139.84698715340218,1
111,7,3,140.16568801691844,4
111,7,5,140.73115634597002,2
111,7,5,140.87428076905422,3
111,7,5,140.92640998902283,1
111,7,6,140.9640558213765,2
111,7,2,140.97434100837117,1
111,7,5,141.01223485231353,1
111,7,6,141.01223485231353,4
111,7,5,141.03169513215596,3
111,7,6,141.03169513215596,5
111,7,5,141.04307199155897,1
111,7,6,141.04307199155897,2
111,7,5,141.06446605794827,2
111,8,5,141.06446605794827,3
111,8,6,141.06446605794827,3
111,8,5,141.09067325849674,4
111,8,6,141.09067325849674,4
111,8,5,141.2035427948255,4
111,8,6,141.2035427948255,3
111,8,1,141.2173513352032,5
111,8,5,141.22296785352125,2
111,8,6,141.22296785352125,4
111,9,5,141.2412551479296,2
111,9,6,141.2412551479296,4
111,9,1,141.25536363666478,4
111,9,4,141.2824855917975,1
111,9,4,141.28339393595067,3
111,9,1,141.28873667493932,3
111,9,5,141.3239152014636,2
111,9,6,141.3239152014636,1
111,9,2,141.34484170290278,3
111,9,5,141.35026058201618,3
111,9,6,141.35026058201618,5
111,9,1,141.35570381444478,1
112,3,4,96.35504775267924,2
112,7,10,110.17597057329345,3
112,7,1,111.93852551354009,3
112,7,3,111.94492945087885,2
112,8,3,111.94492945087885,3
112,8,5,111.95194248330884,3
112,8,6,111.95194248330884,1
112,8,5,111.95669833086848,1
112,9,5,111.95669833086848,3
112,9,6,111.95669833086848,4
112,9,3,111.98725434146272,1
113,2,3,99.51815418020247,2
113,10,4,97.07672923104525,3
114,3,10,106.18991036239058,3
114,10,4,95.80525150871209,1
114,5,4,95.53640034179818,3
114,6,4,95.53640034179818,1
115,6,1,95.33733167694518,3
115,2,10,100.87378696862629,3
115,3,10,103.03984938785581,1
115,3,7,58.70895689789688,2
115,5,7,58.666630331239986,1
115,6,7,58.666630331239986,1
115,5,7,58.65218601658858,5
115,6,7,58.65218601658858,5
115,5,7,58.57831651878557,3
115,6,7,58.57831651878557,2
115,5,7,58.31345179920129,4
115,6,7,58.31345179920129,5
115,5,7,58.17636168231542,5
115,6,8,58.17636168231542,5
115,5,8,58.16225172388021,3
115,6,8,58.16225172388021,1
115,5,8,58.15720137214075,4
115,6,8,58.15720137214075,4
115,6,8,58.12064173580009,5
115,5,8,58.119169732362,2
115,6,8,58.119169732362,4
115,5,8,58.1076150409511,2
115,6,8,58.1076150409511,3
115,6,9,58.1076150409511,1
115,5,9,58.07446495815268,4
115,6,9,58.07446495815268,1
115,6,9,58.049737174912465,4
115,6,9,58.02421510997324,2
115,5,9,58.02254062610039,4
115,6,9,58.02254062610039,2
115,5,9,58.018681023244476,4
115,6,9,58.018681023244476,5
115,5,9,58.01748323167155,3
115,6,9,58.01748323167155,3
116,1,10,101.23423990601862,1
116,10,2,97.98204782130395,3
116,5,2,96.80847329402539,1
117,2,10,104.52515086044427,3
117,2,10,104.87680991995992,1
117,1,3,97.03834422351252,3
117,5,3,96.30083272578801,1
117,4,10,103.07898638387255,5
117,5,7,57.2714478502254,1
117,6,7,57.2714478502254,1
117,6,7,57.09277849321387,5
117,5,7,57.07986148676343,5
117,6,7,57.07986148676343,4
117,5,7,57.07339677543352,5
117,6,7,57.07339677543352,3
117,5,7,57.068801551639346,5
117,6,7,57.068801551639346,3
117,5,7,57.06101299020435,2
117,5,8,57.06101299020435,2
117,6,8,57.06101299020435,5
117,5,8,57.04444825646085,1
117,6,8,57.04444825646085,4
117,5,8,57.00594662775382,3
117,6,8,57.00594662775382,2
117,6,8,56.98412008764894,3
117,6,8,56.98275592889239,1
117,5,8,56.97121173448053,5
117,6,8,56.97121173448053,2
117,5,8,56.94437982336276,1
117,6,8,56.94437982336276,3
117,6,8,56.92573507696891,1
117,6,8,56.9182320139233,1
117,6,9,56.9182320139233,3
117,6,9,56.89273095944332,5
117,5,9,56.86575809063245,5
117,6,9,56.86575809063245,3
117,5,9,56.86266766544574,3
117,6,9,56.86266766544574,5
117,5,9,56.833034503501544,4
117,6,9,56.833034503501544,4
117,6,9,56.82665398726674,2
118,2,10,103.26098949315295,5
118,10,4,97.60419845198899,1
119,1,10,103.46624894780626,1
119,1,10,103.86013647336762,1
119,10,2,94.15692720476967,1
120,1,2,106.46539876061323,3
120,1,5,106.54941404422198,2
120,4,5,106.555136794938,3
120,4,6,106.555136794938,1
121,1,10,105.66647261746733,1
121,10,4,95.8299441045173,1
121,10,4,95.63400339450766,4
121,10,7,65.89329308769268,3
121,3,7,65.44118213132309,4
121,5,7,65.18810553191015,5
121,6,7,65.18810553191015,5
121,5,7,64.98495627281932,1
121,6,7,64.98495627281932,1
121,5,7,64.93924451501057,2
121,6,7,64.93924451501057,1
121,2,7,64.87940702238767,3
121,5,7,64.79293610410815,1
121,6,7,64.79293610410815,2
121,6,8,64.79293610410815,2
121,6,8,64.62250791864976,2
121,3,8,64.60865776669108,5
121,3,8,64.59342773967755,1
121,4,8,64.52218804036852,3
121,2,8,64.44409400948122,4
121,5,8,64.41085171958935,1
121,6,8,64.41085171958935,4
121,6,8,64.33246665673195,2
121,2,8,63.97341083182637,4
121,2,9,63.97341083182637,1
121,4,9,63.916861141987624,1
121,2,9,63.914356319867395,3
121,6,9,63.804485516056204,4
121,1,9,63.789530600499106,2
121,1,9,63.78042673702325,5
121,2,9,63.74046008344443,3
121,2,9,63.68102642522756,3
121,1,9,63.60697174272627,1
121,2,9,63.59973842093615,2
121,2,9,63.564087993196125,3
122,1,2,94.461579693086,4
122,1,2,94.44370915362298,1
122,3,10,103.69957084195005,1
122,3,10,103.82719187625753,1
122,1,4,93.637813125254,1
123,2,5,100.49164797852585,1
123,7,6,134.69279367250303,1
123,7,10,134.90317855736117,4
123,7,6,135.49767797819987,1
123,7,5,135.64370489625898,3
123,7,6,135.64370489625898,1
123,7,5,135.89935643371965,4
123,7,6,135.89935643371965,1
123,7,5,136.05316784005294,5
123,7,6,136.05316784005294,5
123,7,5,136.10122379056983,4
123,8,5,136.10122379056983,1
123,8,6,136.10122379056983,1
123,8,5,136.1877921459635,1
123,8,6,136.1877921459635,3
123,8,5,136.31479096038328,3
123,8,6,136.31479096038328,4
123,8,1,136.60234530850144,3
123,8,3,136.6398420510567,3
123,8,5,136.6563890107379,5
123,8,6,136.6563890107379,1
123,8,5,136.68218787008036,4
123,9,5,136.68218787008036,1
123,9,5,136.69737291881646,2
123,9,6,136.69737291881646,4
123,9,5,136.69929531932974,4
123,9,6,136.69929531932974,3
123,9,5,136.76119657071112,2
123,9,6,136.76119657071112,3
123,9,6,136.7734016577084,2
123,9,2,136.78207705019787,5
123,9,2,136.79470459617121,2
123,9,4,136.8125518582468,1
124,1,4,108.47110921592748,4
124,3,1,107.88358916308631,1
124,4,1,108.7747933619205,1
124,4,2,108.78198528768687,4
125,3,10,104.57389714287297,1
125,1,4,96.10023487252244,2
126,10,4,98.96724328193656,3
127,10,1,94.4484959751841,1
127,10,1,94.29118137620301,1
128,10,3,98.83641317476338,2
129,4,1,101.99488760052164,1
129,4,10,102.02968592611724,1
129,4,10,102.11541611058796,1
130,10,2,96.120476792868,1
130,10,2,96.08650627965216,1
130,1,2,95.86190597091027,1
130,5,2,95.85783388763323,1
130,4,10,105.08370361160902,3
130,4,10,105.47926864925293,2
131,1,10,103.69049961948863,1
131,5,3,96.26914668686862,2
131,5,4,96.31191234220027,1
132,10,3,98.7405312808927,2
133,3,10,103.58056933567136,4
133,3,10,103.97393492536574,1
133,5,4,99.33485764899135,1
133,6,4,99.33485764899135,3
133,6,7,55.05971118258996,1
133,2,7,54.96890906905892,3
133,10,7,54.68864238820599,25
133,1,7,54.551334416243044,2
133,5,7,54.29264828268591,5
133,6,7,54.29264828268591,1
133,5,8,54.28835935918432,3
133,6,8,54.28835935918432,4
133,2,8,54.12961165930579,4
133,5,8,54.127297758426785,3
133,6,8,54.127297758426785,2
133,5,8,54.12118549946643,1
133,6,8,54.12118549946643,5
133,5,8,54.06894366830458,5
133,6,8,54.06894366830458,3
133,5,8,54.04449463246314,1
133,6,8,54.04449463246314,2
133,5,8,54.002701167533665,1
133,6,8,54.002701167533665,2
133,5,8,54.000331573000224,1
133,5,9,54.000331573000224,1
133,6,9,54.000331573000224,3
133,5,9,53.95899394193544,5
133,6,9,53.95899394193544,1
133,5,9,53.73773116445003,3
133,6,9,53.73773116445003,3
133,1,9,53.464567694616356,3
133,3,9,53.2075963298334,5
133,2,9,52.84730581367331,4
133,5,9,52.83320585404803,1
133,6,9,52.83320585404803,2
133,1,9,52.732571464034336,3
133,1,9,52.73096248588453,3
134,1,10,104.66176211860018,2
134,7,10,108.85811302027808,6
134,8,10,108.85811302027808,6
134,9,10,108.85811302027808,2
134,9,5,109.48066953059251,3
134,9,6,109.48066953059251,1
134,4,10,100.38847136214441,4
136,2,1,96.29636029094992,2
136,10,1,96.14209773299484,1
136,5,1,95.46140832430015,1
136,5,2,94.9907085217599,2
136,6,2,94.9907085217599,1
136,4,10,105.89228810069771,2
137,2,10,103.50992060845662,1
137,3,10,103.4167289207742,2
137,3,10,103.5919091003204,1
138,10,3,96.35422854340413,3
138,4,10,102.35746671540485,2
139,10,2,95.05443134188948,3
139,1,2,94.84770878010531,2
139,6,7,70.08086070198478,2
139,5,7,69.7773644032065,2
139,6,7,69.7773644032065,4
139,5,7,69.7392593518697,5
139,6,7,69.7392593518697,4
139,5,7,69.60708301607775,2
139,6,7,69.60708301607775,3
139,5,7,69.48863859460099,1
139,6,7,69.48863859460099,1
139,6,8,69.48863859460099,1
139,5,8,69.24681993059917,3
139,6,8,69.24681993059917,5
139,4,8,69.20154875118558,4
139,2,8,68.8821101246991,4
139,4,8,68.64867529171518,1
139,4,8,68.60224834831845,5
139,1,8,68.20534419863893,1
139,1,9,68.20534419863893,1
139,1,9,68.11345057841095,2
139,4,9,68.02636586772252,3
139,2,9,68.02139032779951,2
139,2,9,67.91905950691957,2
139,3,9,67.87420798159646,2
139,4,9,67.87168905297015,2
139,1,9,67.86273474551565,2
139,4,9,67.79606776163588,5
139,2,9,67.75794600928037,1
139,1,9,67.70004385576118,2
140,10,2,96.7417251138725,1
140,1,2,93.67307767493044,1
140,5,3,97.12509187890561,3
140,7,3,104.74992392239645,1
140,7,10,106.40270589603095,1
140,7,10,106.64566881188071,3
140,8,10,106.64566881188071,2
140,8,5,107.30452940372011,2
140,8,6,107.30452940372011,1
140,9,6,107.30452940372011,4
140,9,6,107.50065208802056,1
141,3,6,105.15026230872849,1
141,10,4,95.64980838487813,1
142,5,4,94.13191054531674,2
143,1,10,101.3410512283306,2
143,4,10,104.93795763721113,5
144,10,7,70.73791093102977,4
144,1,7,70.6978272816117,5
144,2,7,70.47262425967583,2
144,4,7,70.26671105316917,3
144,5,7,70.14185713643874,2
144,3,7,69.89141981269017,2
144,3,7,69.73888985891182,3
144,5,7,69.67891174159573,3
144,5,8,69.67891174159573,1
144,1,8,69.59713533904684,4
144,5,8,69.56317539288497,4
144,1,8,69.39940582501225,3
144,5,8,69.38833551673258,4
144,1,8,67.74244529650343,1
144,1,8,67.69447412488915,1
144,1,8,67.61624270144415,3
144,2,8,67.48805517711739,2
144,3,8,67.34569998837131,1
144,4,9,67.31791312702742,3
144,4,9,67.28390959646615,4
144,3,9,67.26151270511576,1
144,2,9,67.22471100984149,5
144,3,9,67.20755938295386,4
144,4,9,67.08159160306279,2
144,2,9,67.05342057502672,2
144,2,9,67.0177887308555,1
144,1,9,67.01722868628164,2
145,4,10,103.89436310939742,1
145,4,10,104.13177100418872,1
147,10,1,97.97214329273685,1
147,10,1,97.95896207523944,1
147,3,1,97.59946571035884,2
147,2,1,97.40824479816274,1
147,3,10,104.31127520879105,1
147,4,10,101.75905941848268,3
147,7,5,103.28050836683036,1
147,8,5,103.28050836683036,1
147,9,5,103.28050836683036,1
148,1,10,101.36264028924165,1
148,1,6,102.39644525556518,3
148,1,6,102.48837101778774,1
148,4,6,104.53729235323712,1
148,4,5,104.58074986281805,1
149,1,5,103.6089849009071,5
149,10,2,97.41629009833474,4
149,10,3,96.23805260521384,1
149,2,3,95.81331814162534,2
150,2,1,93.55935133941367,1
150,5,1,93.27474445147402,3
150,5,1,92.88938157243372,1
150,5,3,93.20996064468126,2
151,2,10,106.05426006437773,3
151,3,10,104.40535381811083,2
151,1,10,100.20521309900323,1
152,2,10,101.63549002528924,3
152,1,3,95.47842509777263,1
152,7,6,134.25112876123995,5
152,7,5,134.35545368975,3
152,7,6,134.35545368975,3
152,7,5,134.4609707770469,1
152,7,6,134.4609707770469,1
152,7,5,134.46346188924872,5
152,7,6,134.46346188924872,5
152,7,5,134.47561020429566,1
152,7,6,134.47561020429566,3
152,8,6,134.47561020429566,1
152,8,2,134.48430325361386,2
152,8,5,134.50739860878997,2
152,8,6,134.50739860878997,4
152,8,5,134.5093935288908,5
152,8,6,134.5093935288908,3
152,8,2,134.52495451150804,2
152,8,5,134.53310144134122,1
152,8,6,134.53310144134122,2
152,8,5,134.53641502476046,2
152,8,6,134.53641502476046,3
152,9,6,134.53641502476046,2
152,9,5,134.53916510957816,3
152,9,6,134.53916510957816,5
152,9,5,134.54317039872785,5
152,9,6,134.54317039872785,1
152,9,5,134.55534503480263,3
152,9,6,134.55534503480263,2
152,9,2,134.58467502916,3
152,9,5,134.5880223407678,3
152,1,10,100.2719135092579,2
153,3,10,101.65663552251553,1
153,3,5,102.85883787228495,1
153,3,6,102.85883787228495,1
153,10,7,65.37695695981296,3
153,4,7,64.4178857984492,5
153,5,7,64.40315480038004,5
153,5,7,64.27308900038341,2
153,5,7,64.23136252021521,2
153,5,7,64.21978176882703,3
153,5,7,64.21969635066453,5
153,6,7,64.21969635066453,3
153,5,8,64.21335592529705,1
153,4,8,64.12944824996009,2
153,5,8,64.04122197248223,2
153,5,8,63.94198606487511,5
153,4,8,63.39383374630118,3
153,3,8,62.94279443003781,5
153,1,8,61.641705844573806,3
153,1,8,61.6392911842853,4
153,2,8,61.490333163076386,2
153,4,8,61.47416273834263,1
153,2,9,61.40613143712332,2
153,3,9,61.35683910486901,1
153,2,9,61.348110640931154,1
153,4,9,61.32877186420103,4
153,1,9,61.29702063819951,4
153,2,9,61.256315377880426,5
153,1,9,61.249965926139396,5
153,4,9,61.20742140803992,2
153,1,9,61.194484177294314,2
153,2,9,61.13447570439165,2
154,2,1,89.98440047645494,3
154,4,1,89.9641081596443,1
154,3,2,99.5615472503363,1
154,3,10,103.45126512022333,1
154,3,5,104.70260698563611,1
154,10,4,95.84479012400297,2
155,1,5,103.02188245243477,1
155,1,6,103.02188245243477,2
155,1,5,105.24437073967368,1
155,2,5,104.62979215811339,3
155,2,6,104.62979215811339,1
155,3,6,104.16030247462747,1
155,7,5,115.10864468095562,2
155,7,6,115.10864468095562,5
155,7,5,116.21465665894635,4
155,7,6,116.21465665894635,2
155,8,5,116.21941994450738,5
155,8,6,116.21941994450738,5
155,8,5,116.2203373087094,3
155,9,5,116.2203373087094,2
155,9,6,116.2203373087094,2
155,9,5,116.25127368501208,2
155,9,6,116.25127368501208,2
155,9,5,116.35615578552947,3
155,9,6,116.35615578552947,1
155,9,5,116.35929191813172,1
156,4,10,101.26496605103378,3
157,2,1,96.69540322697458,3
158,10,1,95.75896790339318,2
158,2,1,95.34293809592123,1
158,10,1,95.30650841351769,2
159,10,1,95.85760029991391,3
159,3,10,103.0156651546001,1
159,3,10,103.20624093214107,2
160,10,2,94.53028755384929,3
160,10,3,97.6506787406441,1
160,10,3,97.25497061575473,2
161,1,10,104.45676925306722,1
161,10,2,97.22220983313395,3
161,3,4,95.86816603345835,2
161,7,10,136.74487669337427,4
161,7,5,137.51292244362185,2
161,7,6,137.51292244362185,2
161,7,5,137.5201937122607,3
161,7,6,137.5201937122607,4
161,7,5,137.63653401048225,5
161,7,6,137.63653401048225,4
161,7,2,137.66005507063025,1
161,7,5,137.82066421225622,3
161,7,6,137.82066421225622,2
161,8,6,137.82066421225622,1
161,8,5,137.84974928681163,3
161,8,6,137.84974928681163,5
161,8,3,137.85265425566206,3
161,8,5,137.9596392934136,3
161,8,6,137.9596392934136,1
161,8,5,137.98432520425536,5
161,8,6,137.98432520425536,5
161,8,5,137.98883407255192,2
161,8,6,137.98883407255192,1
161,8,5,137.99969844994715,1
161,9,6,137.99969844994715,3
161,9,2,138.00822282268652,1
161,9,4,138.09613306646858,1
161,9,1,138.11776150726809,4
161,9,5,138.18102609809068,5
161,9,6,138.18102609809068,4
161,9,5,138.24042963077056,5
161,9,6,138.24042963077056,4
161,9,1,138.27458999179984,3
162,3,2,96.25486838355849,2
162,10,2,96.2235526392492,2
162,3,1,104.4588051888293,5
162,4,10,100.9249071470791,1
163,2,10,104.29313240131974,5
164,3,10,104.65366179429913,2
164,3,10,104.99776732952826,1
164,10,4,95.67729103440207,2
164,5,4,95.36432299101307,3
165,2,10,101.54576649670838,4
165,3,10,101.99034204807367,5
165,4,5,107.43464031873525,3
166,2,10,100.48225910945887,2
166,3,10,103.1459343948774,2
166,3,5,104.27032054601528,1
166,1,4,100.03025179461952,4
166,1,10,100.11583175932344,1
167,3,5,102.53402147597077,1
167,3,6,102.53402147597077,2
168,2,10,101.04296943485741,4
168,10,4,95.6748989082316,1
169,6,1,98.31720065465086,4
169,6,3,96.06579648554839,1
169,10,3,95.98660336435967,1
169,4,10,104.80932015156077,2
169,4,10,105.03994045495267,1
170,2,10,104.73117701129439,5
171,1,10,100.9358268497971,2
171,1,10,101.18609367036642,1
171,4,10,106.24844921466445,1
172,2,4,104.1781170739161,3
172,10,3,94.51533237441944,1
172,10,3,94.4343093756718,2
172,4,5,103.31067529975287,1
173,10,1,97.0414158100831,1
173,10,1,96.61848417672641,3
174,10,2,94.94874414469646,1
174,3,10,104.79160280792178,1
175,10,1,94.94436550839382,1
175,10,3,94.09670360123155,3
175,10,3,93.70137255333336,2
175,7,10,119.61848528837945,10
175,7,2,119.8147985558303,4
175,7,5,120.36953467477387,2
175,8,5,120.36953467477387,1
175,8,6,120.36953467477387,3
175,8,5,120.42611587496378,4
175,8,6,120.42611587496378,1
175,8,6,120.58721731581855,3
175,8,5,120.59221302239645,2
175,8,6,120.59221302239645,2
175,9,6,120.59221302239645,2
175,9,5,120.65727384764719,4
175,9,6,120.65727384764719,3
175,9,5,120.68262592578164,4
175,9,6,120.68262592578164,3
176,3,10,100.71232963239007,1
177,3,6,105.27040636371194,1
177,3,5,105.28455166375943,1
177,3,6,105.28455166375943,1
177,3,10,101.17719120546353,3
178,1,4,97.13455197955085,1
178,10,4,96.54290193735268,1
179,10,1,94.8627301214064,3
179,5,2,97.8130473751921,1
179,6,3,97.2067466216123,2
179,4,10,103.31453432179626,2
180,10,1,98.36128385080823,1
180,2,1,97.97439055674148,3
180,10,2,96.06935995405165,3
180,4,2,96.0207520741965,2
180,4,10,103.29379384103083,1
180,4,10,103.69849099411633,2
181,4,2,97.92243348412791,1
181,5,2,97.8262546317626,1
181,6,2,97.8262546317626,1
181,5,2,97.73606554471328,1
181,3,10,103.33156351620033,1
181,3,10,103.80907430560124,1
182,2,10,102.32574995337106,4
182,4,10,102.31370810070533,4
183,2,10,103.36929862720801,4
183,3,10,102.10427738128482,3
183,7,10,100.08685431403549,1
184,1,4,106.35529469851224,3
184,1,10,106.61380004745592,1
184,8,7,55.461047568023034,1
184,9,7,55.461047568023034,1
184,4,7,55.39349883312683,2
184,1,7,55.35849019965331,4
184,10,7,55.26769579221227,5
184,1,7,54.7011988144828,1
184,5,7,54.6544282356811,2
184,6,7,54.6544282356811,4
184,5,7,54.60861371759388,1
184,6,7,54.60861371759388,2
184,4,7,54.56188345943489,3
184,3,7,54.443489769520035,1
184,5,7,54.39177835827205,2
184,6,7,54.39177835827205,3
184,5,7,54.35090269446849,1
184,6,7,54.35090269446849,1
184,5,7,54.337915084423464,1
184,6,7,54.337915084423464,2
184,10,8,54.31972417299625,37
184,10,9,54.31972417299625,4
184,5,9,54.298687008923906,3
184,6,9,54.298687008923906,2
184,5,9,54.297591382442796,1
184,6,9,54.297591382442796,3
184,5,9,54.29490773111619,1
184,6,9,54.29490773111619,2
184,5,9,54.25659702262024,3
184,6,9,54.25659702262024,1
184,5,9,54.23699095138902,2
184,6,9,54.23699095138902,5
184,5,9,54.23404975085791,3
184,6,9,54.23404975085791,1
184,5,9,54.220594465446894,1
184,6,9,54.220594465446894,4
184,5,9,54.20932466095828,1
185,1,10,101.81929165216185,2
185,1,10,102.24410576704197,1
185,5,7,55.854959747932455,3
185,6,7,55.854959747932455,3
185,5,7,55.85358940157921,5
185,6,7,55.85358940157921,3
185,5,7,55.84211416102488,3
185,6,7,55.84211416102488,2
185,5,7,55.84156358058255,3
185,6,7,55.84156358058255,5
185,1,7,55.816531168596455,3
185,5,7,55.786260309268464,1
185,6,7,55.786260309268464,4
185,6,8,55.786260309268464,1
185,5,8,55.78022703456687,5
185,6,8,55.78022703456687,5
185,5,8,55.775475020992765,3
185,6,8,55.775475020992765,5
185,5,8,55.67981150722061,4
185,6,8,55.67981150722061,3
185,5,8,55.62223218700897,2
185,6,8,55.62223218700897,1
185,5,8,55.56914634549767,1
185,6,8,55.56914634549767,3
185,5,8,55.568411045364904,2
185,6,9,55.568411045364904,2
185,5,9,55.56504722401214,1
185,6,9,55.56504722401214,1
185,5,9,55.56222977288999,1
185,6,9,55.56222977288999,5
185,5,9,55.535184389623126,3
185,6,9,55.535184389623126,5
185,4,9,55.44261881568621,2
185,3,9,55.309162534500594,5
185,4,9,55.26831987629051,3
185,5,9,55.253031655310004,1
185,6,9,55.253031655310004,3
185,2,9,55.19021849079921,2
185,2,9,55.0109253748418,1
186,2,5,105.111010298503,2
186,10,3,96.80635909068684,3
187,10,1,95.91518087398802,4
187,2,10,100.8681635053505,1
187,10,3,98.95121684122341,4
187,4,10,101.64678613371714,1
187,7,10,103.66989093252234,1
187,7,5,104.247425564902,2
187,8,6,104.247425564902,3
187,9,6,104.247425564902,2
187,9,2,104.32710034117542,1
188,10,2,95.20547067018191,1
188,5,2,94.19420512387296,1
188,4,10,100.95045208462471,4
189,2,10,100.90839152523554,1
189,5,3,94.60228349701146,1
189,6,4,95.90652239704215,2
189,6,4,95.65624344741124,1
189,5,4,95.37469531412614,1
190,1,10,100.89523764067326,3
190,3,10,101.91843225155321,1
190,3,5,102.64434317424792,1
190,7,6,125.55407608964843,1
190,7,2,125.55622661682898,4
190,7,5,125.7581129468517,3
190,7,6,125.7581129468517,5
190,7,5,125.8930725061451,1
190,7,6,125.8930725061451,1
190,7,5,125.95984440530884,1
190,7,6,125.95984440530884,4
190,8,5,126.00011976552253,1
190,8,6,126.00011976552253,4
190,8,5,126.00294103999408,2
190,8,6,126.00294103999408,3
190,8,5,126.05409944594629,1
190,8,6,126.05409944594629,3
190,8,5,126.05898626545701,2
190,8,6,126.05898626545701,4
190,9,1,126.15065582844119,3
190,9,5,126.31721321350699,2
190,9,6,126.31721321350699,1
190,9,4,126.31803488363846,3
190,9,1,126.36407359951554,1
190,9,5,126.3780772190395,5
190,9,6,126.3780772190395,2
190,9,5,126.40824226919898,1
190,9,6,126.40824226919898,2
191,3,10,103.9924361419758,1
191,3,1,104.06661780618266,2
191,3,6,105.77941115025124,1
191,10,4,95.70957944509769,4
192,2,5,104.45454401942928,4
193,10,2,94.36337479476383,1
193,10,2,94.24973516566324,1
193,5,3,95.24708899246798,1
194,5,1,95.69303857554104,2
194,6,1,95.69303857554104,1
194,6,2,98.14350552367128,2
194,6,3,95.69722533749024,2
194,4,3,95.42480191550933,2
194,4,10,102.01563167690793,2
194,4,10,102.24004220703748,2
195,1,10,103.93711808389097,3
195,10,7,79.1760097196523,6
195,4,7,78.37247393349338,3
195,2,7,78.23428595512769,5
195,5,7,78.20729682172166,3
195,6,8,78.20729682172166,3
195,5,8,78.14656158265325,2
195,6,8,78.14656158265325,3
195,5,8,78.12204785714168,5
195,6,8,78.12204785714168,4
195,6,9,78.12204785714168,1
195,5,9,78.02118512795197,1
195,6,9,78.02118512795197,4
195,5,9,77.99367169098454,1
195,6,9,77.99367169098454,1
195,1,9,77.91272175583119,5
195,1,9,77.82586329690933,2
195,5,9,77.79958785120581,2
196,6,1,94.20460119258671,2
196,5,1,94.1832575130592,3
196,6,2,93.09271802531094,3
196,4,10,102.54441559438277,1
198,4,10,101.29309867698589,1
199,10,1,99.23345798564556,1
199,10,1,98.88024180318482,3
199,7,10,139.97489653827273,2
199,7,10,140.19692778552707,5
199,7,5,140.38998685157767,2
199,7,6,140.38998685157767,3
199,7,5,140.8391704391935,4
199,7,6,140.8391704391935,2
199,7,6,141.0945699060453,4
199,7,5,141.11408002562217,1
199,7,6,141.11408002562217,4
199,7,5,141.18131230491545,3
199,7,6,141.18131230491545,3
199,8,5,141.22637592252613,2
199,8,6,141.22637592252613,3
199,8,5,141.29022578923906,3
199,8,6,141.29022578923906,3
199,8,5,141.2951033191333,5
199,8,6,141.2951033191333,2
199,8,1,141.41869098596715,3
199,8,5,141.73532342907245,2
199,8,6,141.73532342907245,1
199,8,5,141.75026737600467,5
199,8,6,141.75026737600467,3
199,8,5,141.7804239642166,1
199,9,5,141.7804239642166,2
199,9,6,141.7804239642166,1
199,9,2,141.7838404577729,4
199,9,2,141.91011172782515,4
199,9,3,141.9287956405098,1
199,9,1,141.93086395899599,5
199,9,1,141.98528970871158,4
199,9,1,141.99488914190576,1
199,9,5,142.01588996395446,3
199,9,6,142.01588996395446,2
199,9,1,142.11327126817338,1
199,9,2,142.14780574603722,1
199,9,1,142.15315756526792,2
199,9,1,142.16110818578238,2
200,10,1,95.50742006356734,3
200,10,2,95.51949968270816,2
201,1,10,105.26001029160582,1
201,1,4,106.05090333935978,3
202,3,4,101.65593622453542,2
202,3,10,101.04928275818068,3
203,2,4,95.35329534723856,3
203,2,10,100.27589647464855,1
204,1,10,100.34856612100367,1
204,3,10,105.28705981412546,1
204,3,10,105.38835681551991,1
204,10,4,95.70671393399533,1
204,10,4,95.6357560795719,3
205,10,2,94.38773769910702,1
205,10,7,83.84570471359424,5
205,3,7,83.74988545545474,1
205,5,7,83.35177231314074,4
205,6,7,83.35177231314074,2
205,5,7,83.15424316042156,1
205,5,8,83.15424316042156,4
205,6,8,83.15424316042156,5
205,5,8,83.10074536244876,1
205,6,8,83.10074536244876,3
205,6,9,83.10074536244876,2
205,5,9,83.00664646011299,4
205,6,9,83.00664646011299,5
205,5,9,82.99250512941228,2
206,10,1,96.10801736908535,3
206,5,1,94.96917337609413,1
206,3,10,100.53755906481754,1
206,3,10,100.71454668175485,1
206,5,4,93.04293192135404,1
206,6,4,93.04293192135404,2
207,10,2,98.1788831839734,1
207,5,2,96.91216212354084,2
207,6,4,97.39212628541912,2
207,5,4,97.38770711957514,1
208,5,1,93.30328298130004,2
208,5,2,94.64131716571846,1
208,6,2,94.64131716571846,1
208,5,2,94.51580362429394,1
208,6,2,94.51580362429394,1
208,4,3,99.91143423582892,2
208,4,10,100.83682428367652,1
208,4,10,100.98792109054162,1
208,6,7,95.3599711107745,1
208,6,8,95.3599711107745,1
208,6,9,95.3599711107745,1
209,1,10,102.55429139756646,1
209,1,5,102.56108489339154,4
209,10,2,96.07249043457195,5
209,10,3,99.61644533474501,3
210,10,2,94.51592614603568,4
210,4,3,103.29543567376533,1
210,4,6,103.80252059251413,2
210,7,2,143.001586686287,5
210,7,5,143.56737349445362,2
210,7,6,143.56737349445362,4
210,7,5,143.79924132520847,5
210,7,6,143.79924132520847,4
210,7,5,143.80295795699521,1
210,7,6,143.80295795699521,2
210,7,5,143.82377284870205,2
210,7,6,143.82377284870205,4
210,7,5,143.94470492677652,5
210,7,6,143.94470492677652,1
210,7,5,143.94935071650994,1
210,8,5,143.94935071650994,4
210,8,6,143.94935071650994,4
210,8,5,144.02357889942098,5
210,8,6,144.02357889942098,1
210,8,5,144.076655060069,3
210,8,6,144.076655060069,4
210,8,5,144.17874466128382,3
210,8,6,144.17874466128382,2
210,8,5,144.38640351414244,1
210,8,6,144.38640351414244,5
210,8,1,144.98850825314102,3
210,8,3,145.01530045029324,1
210,9,3,145.01530045029324,2
210,9,2,145.01574024433813,1
210,9,5,145.01964978324037,1
210,9,6,145.01964978324037,3
210,9,1,145.02609545338802,1
210,9,5,145.0267500919184,5
210,9,6,145.0267500919184,4
210,9,5,145.0309135648606,1
210,9,6,145.0309135648606,4
210,9,4,145.04601211379108,3
210,9,4,145.05143847450512,5
210,9,2,145.10574938194003,2
210,9,3,145.12833109583494,4
211,5,7,74.00340725112014,2
211,6,7,74.00340725112014,4
211,10,7,73.979129755289,8
211,10,7,73.67203140240532,7
211,10,8,73.67203140240532,4
211,2,8,73.42793463323332,3
211,6,8,72.89431988123506,1
211,5,8,72.89125235640498,5
211,6,8,72.89125235640498,5
211,5,8,72.7792869289203,3
211,5,9,72.7792869289203,2
211,6,9,72.7792869289203,4
211,5,9,72.75948739778454,4
211,6,9,72.75948739778454,3
211,5,9,72.75595206510935,5
211,6,9,72.75595206510935,3
212,6,2,93.21869133592779,2
212,3,1,103.4075069086737,1
212,3,10,104.84521029041636,1
213,10,1,95.93191809181891,2
213,2,10,103.79155540637285,5
213,10,7,55.56271836417599,6
213,5,7,54.692826009016784,5
213,6,7,54.692826009016784,1
213,5,7,54.13460544066431,1
213,6,7,54.13460544066431,5
213,5,7,54.10414259617623,2
213,6,7,54.10414259617623,1
213,1,7,54.04204657504012,1
213,5,7,53.80169138102587,1
213,6,7,53.80169138102587,4
213,2,7,53.74496264938642,5
213,1,7,53.689678143263485,2
213,1,7,53.64814098687418,2
213,1,8,53.64814098687418,3
213,3,8,53.616841780636896,1
213,1,8,53.60099478157309,1
213,5,8,53.53576365254113,3
213,6,8,53.53576365254113,1
213,5,8,53.53156538530711,3
213,6,8,53.53156538530711,5
213,3,8,53.413555687757885,5
213,3,8,53.32363011199276,5
213,1,8,53.21518417454544,4
213,3,8,53.1299665294064,2
213,1,8,52.997745006764994,3
213,4,9,52.9391530114904,5
213,2,9,52.90594931202391,4
213,4,9,52.832995138407675,1
213,3,9,52.73867514265542,2
213,3,9,52.42339435432807,1
213,5,9,52.42068961549557,3
213,6,9,52.42068961549557,3
213,1,9,52.3309100742309,5
213,3,9,52.28851320815326,2
213,4,9,52.15810011465894,1
213,1,9,52.04674460144432,2
213,1,9,51.96196409881955,5
213,3,9,51.95650020619797,2
214,1,2,90.41956431802393,3
214,3,2,90.20081758301629,2
214,3,10,102.36248117341053,3
215,10,3,93.41978101557984,1
215,10,5,98.93039648634053,2
215,10,6,98.93039648634053,4
216,10,2,98.64608125670503,4
216,3,2,100.59819085885658,1
216,3,5,101.2085910027559,1
216,10,7,72.44584952555434,6
216,10,7,71.91108300662309,16
216,10,8,71.91108300662309,20
216,5,8,71.31237254049901,2
216,5,9,71.31237254049901,2
216,6,9,71.31237254049901,2
216,1,9,71.24368974977405,4
216,5,9,70.81481164281404,1
216,6,9,70.81481164281404,4
216,5,9,69.77201693089812,4
216,6,9,69.77201693089812,3
216,3,9,69.02117043572424,1
216,3,9,68.9839502215226,1
217,2,5,105.59202993691451,2
217,10,4,99.2207543230846,4
218,10,1,96.88403931358448,1
218,5,2,97.46420093121793,1
218,3,10,105.6630660883912,2
218,3,5,106.0203696254735,1
218,6,4,93.8460632368542,1
219,2,6,101.49845736659398,2
219,2,10,101.61959240694479,2
219,3,10,102.3385990991691,1
219,10,4,99.6512360269908,1
220,3,4,99.55368373237903,1
221,1,10,101.4781999438461,3
221,3,10,102.97079990790118,1
221,3,5,103.41103987728508,1
222,2,5,103.421898278198,4
222,2,6,103.421898278198,1
222,3,6,106.00370474915513,2
222,3,10,106.01013735460887,2
222,10,4,94.8699212333489,1
222,3,4,94.75704950914577,2
223,3,2,99.15731862204103,1
223,3,10,103.13992826391893,4
223,10,4,96.28646667411721,4
223,7,10,118.13714436103706,1
223,7,10,118.55131146975259,10
223,7,5,118.80233151910505,2
223,7,6,118.80233151910505,1
223,8,6,118.80233151910505,2
223,8,4,118.92171902969226,1
223,8,5,118.95325327055778,5
223,8,6,118.95325327055778,5
223,8,5,119.21373449184051,1
223,9,5,119.21373449184051,4
223,9,6,119.21373449184051,5
223,9,5,119.24513932250284,3
223,9,6,119.24513932250284,2
224,1,10,105.74330693219045,1
224,3,2,101.73983372993669,3
225,3,2,97.56377786571369,2
226,4,10,103.67911790819866,3
227,1,10,104.46418599847762,4
227,1,10,104.86591913959631,1
227,2,10,101.1076930166684,3
227,10,3,95.92052439645514,2
228,2,10,103.7907065387462,1
228,2,10,104.2928729651446,4
229,10,3,99.24023013143747,1
229,4,10,102.43237998970557,2
229,10,7,68.28630899869512,1
229,4,7,68.15054836730707,4
229,5,7,68.1106144602875,3
229,6,7,68.1106144602875,3
229,10,7,68.02630973976792,9
229,2,7,67.88236911799068,2
229,1,7,67.53399128395118,4
229,1,8,67.53399128395118,1
229,5,8,67.38417000601716,2
229,6,8,67.38417000601716,4
229,5,8,67.35898571095545,4
229,6,8,67.35898571095545,5
229,5,8,67.32723483510604,4
229,6,8,67.32723483510604,2
229,5,8,67.32078434707904,2
229,6,8,67.32078434707904,2
229,5,9,67.13138992881068,2
229,6,9,67.13138992881068,3
229,5,9,67.130374470128,3
229,6,9,67.130374470128,3
229,5,9,67.11452805539348,4
229,6,9,67.11452805539348,4
229,5,9,67.08465516769029,1
229,6,9,67.08465516769029,4
229,5,9,67.08242870223683,1
229,6,9,67.08242870223683,1
230,6,2,92.88358629910815,3
230,3,10,100.58696536365188,3
232,10,1,99.69701987802046,1
232,3,10,100.50043191377753,1
232,3,1,100.616378105792,4
232,10,4,97.07698662509517,3
233,1,10,102.93087338419332,1
233,1,10,103.41830826881144,4
233,3,10,106.06264223434005,2
233,10,4,99.36252878581826,2
234,2,10,105.31248139797205,1
234,2,5,105.45702345627616,3
234,3,4,95.10289333932698,2
235,1,10,104.28796150810537,3
235,10,3,96.62384887435948,2
235,10,3,96.40004014271452,3
236,1,10,103.93539874776187,1
236,1,10,104.03476030768519,1
237,1,6,104.62266937426492,2
237,1,5,105.04632468244881,1
237,2,5,106.48207046809156,1
237,4,10,101.04309624517401,4
238,10,1,99.69893782857328,2
238,3,2,96.69171513817912,3
238,10,2,96.67499977618436,1
238,10,4,94.54170802032087,2
238,5,4,93.8669763698625,1
238,5,7,67.45689948002772,2
238,6,7,67.45689948002772,4
238,5,7,67.38757755061991,4
238,6,7,67.38757755061991,2
238,5,7,67.21209969301648,3
238,6,7,67.21209969301648,3
238,5,7,67.21001066710595,2
238,6,7,67.21001066710595,3
238,5,7,67.19382250876943,1
238,6,7,67.19382250876943,2
238,6,8,67.19382250876943,2
238,6,8,67.13441195997117,1
238,5,8,67.09056360660998,5
238,6,8,67.09056360660998,3
238,5,8,67.04084628769165,1
238,6,8,67.04084628769165,5
238,5,8,67.03627699162989,5
238,6,8,67.03627699162989,4
238,6,9,67.03627699162989,1
238,5,9,67.0074084565735,3
238,6,9,67.0074084565735,2
238,3,9,66.96506951124888,2
238,1,9,66.65873800771752,3
238,5,9,66.60441926098395,4
238,6,9,66.60441926098395,2
238,3,9,66.60312359127408,4
238,5,9,66.50040990166548,1
238,6,9,66.50040990166548,1
238,1,9,66.4274342286898,3
239,2,1,91.51342251223474,2
239,4,1,90.16609062313182,3
239,4,2,91.31460550708816,2
239,4,3,100.94946939204932,3
239,4,1,104.37044820253101,2
240,10,2,96.33344777264391,3
240,10,3,96.7632847517438,5
240,7,10,136.10235195074873,1
240,7,5,136.19239787793788,4
240,7,6,136.19239787793788,3
240,7,10,136.22896159840093,1
240,7,5,137.05790847225285,2
240,7,6,137.05790847225285,2
240,7,5,137.15905549719358,3
240,7,6,137.15905549719358,1
240,7,5,137.18940446994517,1
240,7,6,137.18940446994517,5
240,7,5,137.19420808888188,2
240,7,6,137.19420808888188,4
240,7,5,137.2464750138986,1
240,8,5,137.2464750138986,3
240,8,6,137.2464750138986,3
240,8,5,137.2925720007655,4
240,8,6,137.2925720007655,2
240,8,5,137.3429765259844,3
240,8,6,137.3429765259844,5
240,8,5,137.34404405947132,3
240,8,6,137.34404405947132,5
240,8,5,137.35502924437392,1
240,8,6,137.35502924437392,1
240,9,3,137.36499395076055,3
240,9,5,137.37204756467642,1
240,9,6,137.37204756467642,1
240,9,5,137.37424372012083,5
240,9,6,137.37424372012083,4
240,9,5,137.4780307066892,1
240,9,6,137.4780307066892,2
240,9,2,137.50208370579017,2
240,9,5,137.5023819770058,5
240,9,6,137.5023819770058,5
240,9,5,137.54315101200987,1
241,1,6,107.02269288244767,1
241,10,3,94.71223396590648,4
242,3,10,104.6448363592388,2
243,10,3,98.28564412024934,1
243,10,3,97.8634438303396,2
243,4,10,103.30631766696794,1
243,4,10,103.58838961825256,3
244,10,2,98.81003110671836,1
244,10,2,98.27467091812167,3
244,10,3,96.85245787157234,5
244,10,7,66.03613321402784,4
244,5,7,65.98878887621953,2
244,6,7,65.98878887621953,5
244,5,7,65.49391402182442,3
244,6,7,65.49391402182442,1
244,5,7,65.43874857121453,2
244,6,7,65.43874857121453,1
244,5,7,65.30123849496329,1
244,6,7,65.30123849496329,4
244,5,7,65.08057669252372,1
244,2,7,64.6210079051964,2
244,1,7,64.41374557410143,1
244,5,8,64.25728612719973,5
244,4,8,63.94054117064284,4
244,1,8,63.333405793990465,4
244,1,8,62.68037404619014,2
244,4,8,62.58887875206915,3
244,2,8,62.51460328350909,3
244,4,8,62.46607075871946,1
244,4,8,62.433584011108714,4
244,2,8,62.346669848261904,1
244,2,9,62.346669848261904,4
244,4,9,62.33712554126605,1
244,4,9,62.303854433522396,2
244,1,9,62.27841347556148,2
244,2,9,62.27402798144524,5
244,2,9,62.22864512090996,1
244,1,9,62.18525910039758,5
244,1,9,62.15291660125104,4
244,4,9,62.15001179825025,3
245,1,10,101.55430076657285,2
245,4,2,88.02267560307732,2
245,4,2,87.96601794354919,1
245,3,2,87.94234776499593,1
245,1,3,90.33894470562535,2
245,4,3,90.30335913430685,2
246,10,1,94.33249121605866,3
246,3,5,101.54567430213277,3
246,10,5,98.49313750197462,1
246,10,6,98.49313750197462,2
247,3,2,103.98349049095796,2
247,3,10,104.4673042529387,1
247,3,5,104.5745587775317,1
248,2,6,100.48982827979157,4
248,4,10,101.5950992259774,1
248,7,10,118.32622520963946,7
248,7,5,119.01835369999807,3
248,7,6,119.01835369999807,3
248,7,1,119.18940767728816,1
248,8,5,119.20124826732913,1
248,8,6,119.20124826732913,3
248,8,5,119.28298562944663,1
248,8,6,119.28298562944663,4
248,8,5,119.34581014236251,3
248,8,6,119.34581014236251,1
248,8,5,119.40380459043956,1
248,9,6,119.40380459043956,5
248,9,5,119.46129429706272,5
248,9,6,119.46129429706272,4
250,2,10,104.87169059785307,1
250,10,4,94.34331932207452,1
250,10,4,94.2557782267836,3
250,10,7,65.88264250489001,1
250,1,7,65.81569503081302,3
250,10,7,65.47354204519318,17
250,10,7,64.90185143424883,7
250,10,8,64.90185143424883,28
250,10,9,64.90185143424883,5
250,5,9,64.77935463306298,2
250,6,9,64.77935463306298,4
250,5,9,64.7410129979933,4
250,6,9,64.7410129979933,1
250,5,9,64.69833671403897,2
250,6,9,64.69833671403897,2
250,5,9,64.52763157822167,5
250,6,9,64.52763157822167,3
251,1,2,104.80023858443516,2
251,1,5,105.39261790686601,1
251,10,2,99.63408492686716,1
252,5,2,96.10023151817843,4
252,5,4,96.99915108301852,1
252,6,4,96.99915108301852,3
252,10,2,99.30576194409917,4
253,1,4,100.56044016567691,5
253,2,10,103.98956328012602,3
253,3,10,101.05667564319391,3
253,4,3,103.42508984838217,2
253,10,7,71.02103771428042,9
253,6,7,70.39753804538148,1
253,5,7,69.87733356296957,1
253,6,7,69.87733356296957,3
253,3,7,69.4594092092157,1
253,5,7,69.45807500464048,2
253,6,7,69.45807500464048,5
253,1,7,69.34786562597037,1
253,1,8,69.34786562597037,2
253,3,8,69.11458395738882,4
253,5,8,69.08717750485762,1
253,6,8,69.08717750485762,3
253,4,8,68.34228599245375,3
253,5,8,67.97238081351611,4
253,6,8,67.97238081351611,2
253,4,8,67.02342412589141,1
253,3,8,66.76222702973485,3
253,4,9,66.75789222481343,2
253,2,9,66.67061833194015,4
253,4,9,66.63457433885611,4
253,2,9,66.61194519031119,3
253,4,9,66.60640751859735,4
253,2,9,66.56840074639751,2
253,1,9,66.55192800696153,4
254,10,2,97.66172584916427,4
255,5,1,94.695658514195,1
255,3,10,104.36641737397758,1
255,4,3,102.86528808938218,2
256,2,1,103.58733457545327,3
256,10,3,97.20322806350732,5
257,7,1,139.631834944163,2
257,7,10,139.8387050958731,2
257,7,5,140.34570024217365,2
257,7,6,140.34570024217365,2
257,7,5,140.39783603511592,3
257,7,6,140.39783603511592,5
257,7,5,140.78645923939138,5
257,7,6,140.78645923939138,3
257,7,5,140.79389661386924,4
257,7,6,140.79389661386924,3
257,7,5,140.97389754551142,2
257,8,6,140.97389754551142,3
257,8,5,141.01876235684801,5
257,8,6,141.01876235684801,4
257,8,5,141.04466144848254,4
257,8,6,141.04466144848254,3
257,8,5,141.1597525790997,5
257,8,6,141.1597525790997,5
257,8,6,141.23737889722966,1
257,8,5,141.24616704515174,3
257,9,5,141.24616704515174,2
257,9,6,141.24616704515174,3
257,9,5,141.27075802312262,2
257,9,6,141.27075802312262,2
257,9,3,141.27585820577684,1
257,9,5,141.2972338204952,5
257,9,6,141.2972338204952,2
257,9,5,141.3190439452984,5
257,9,6,141.3190439452984,3
257,9,5,141.3333408747475,1
257,9,6,141.3333408747475,2
257,9,1,141.35183723797343,3
257,9,1,141.38814585598527,1
257,9,3,141.62181136636795,1
258,10,3,97.75623163481723,4
258,10,3,97.56303135249854,1
258,4,2,107.73211341093807,2
258,4,3,107.74320780986673,2
259,3,1,102.75535024823634,5
261,4,10,100.7287576796736,1
261,4,1,100.78403495762842,2
262,2,1,102.5353152022822,3
262,10,4,99.52145648335315,1
262,10,4,99.46228556113795,1
263,10,2,99.28201370422764,1
263,10,2,99.04533001536689,1
263,10,4,96.27214770594972,4
264,1,10,104.25119605220554,1
264,1,2,104.46098078515742,1
265,10,3,97.72838276629975,1
265,10,3,97.43609401026409,1
265,5,3,97.35377730939723,1
265,4,10,101.3327614251301,1
266,1,2,104.6766185199312,1
266,10,4,94.47938751522666,1
266,3,4,94.27283855161252,4
267,2,10,102.10670625944923,2
268,1,2,105.90820001234354,1
268,1,2,106.11639236942091,3
268,2,10,102.99268798987735,1
268,4,10,104.25173963366478,5
269,1,10,102.40921027407151,1
269,1,10,102.80405904504985,4
269,10,2,95.10217267263556,1
269,3,2,94.93123312060877,1
269,5,2,94.75384452009891,1
270,1,10,101.63191381468133,1
270,3,10,103.76088940984508,5
270,4,10,104.24218867088311,2
270,3,7,69.29508271189981,2
270,6,7,69.16053875323422,1
270,4,7,68.78450689472746,4
270,1,7,68.73479935982104,5
270,5,7,68.42880311717502,2
270,6,7,68.42880311717502,4
270,5,7,68.40794323797525,4
270,6,7,68.40794323797525,3
270,6,8,68.40794323797525,1
270,5,8,68.39058364982643,1
270,6,8,68.39058364982643,2
270,5,8,68.36457689236832,2
270,6,8,68.36457689236832,2
270,5,8,68.33676322305433,1
270,6,8,68.33676322305433,4
270,6,8,68.3193261880514,4
270,5,8,68.30176869920541,5
270,6,8,68.30176869920541,1
270,5,8,68.30112377839073,2
270,5,9,68.30112377839073,1
270,6,9,68.30112377839073,1
270,5,9,68.29221391722484,3
270,6,9,68.29221391722484,1
270,5,9,68.28096972547146,1
270,6,9,68.28096972547146,3
270,5,9,68.27401630814296,2
270,6,9,68.27401630814296,1
270,5,9,68.22277556462953,4
270,6,9,68.22277556462953,1
270,5,9,68.175345167038,2
270,6,9,68.175345167038,4
270,5,9,68.16558642715185,1
271,10,2,96.96519188529854,1
271,3,1,104.90966672740282,4
271,10,7,78.16884517740199,1
271,5,7,77.29995916073129,5
271,6,7,77.29995916073129,3
271,6,7,76.84988797959912,1
271,2,7,76.78414304678314,3
271,5,7,76.76509533684212,5
271,6,8,76.76509533684212,5
271,1,8,76.67088071792331,3
271,4,8,76.66568448850546,2
271,4,8,76.39340878774271,2
271,5,8,76.38835478632069,2
271,6,8,76.38835478632069,1
271,1,8,76.38192530030295,3
271,1,9,76.38192530030295,1
271,3,9,75.9419819552609,2
271,3,9,75.82405941006769,3
271,4,9,74.90803757808408,2
271,4,9,74.80697448540032,1
271,3,9,74.17908113696865,2
271,1,9,73.43261520511126,1
271,4,9,73.40154890257739,1
271,2,9,73.40077615078512,3
271,4,9,73.3913295023411,2
272,2,7,93.0006221760438,2
272,2,8,93.0006221760438,2
272,2,9,93.0006221760438,1
272,1,9,92.08942388655129,1
273,1,5,102.91492318808452,3
273,2,5,101.19518052457967,1
273,2,6,101.19518052457967,1
273,10,6,98.26298213651116,2
274,10,2,96.99980087186148,1
274,3,5,102.49648545913406,1
275,2,5,103.5700285454953,3
276,2,5,101.5464959061487,1
276,2,6,101.5464959061487,3
276,10,3,97.93435235298878,1
276,10,3,97.821668968214,2
276,10,4,96.44129618768227,1
278,3,10,104.23513877048808,1
278,3,10,104.38907404021487,1
278,10,4,97.28622509024346,1
278,10,4,97.18536032500018,2
279,1,10,100.56279799963431,1
279,2,10,102.51359495234666,4
279,2,4,102.58330966654317,1
279,7,4,101.5051824501206,1
279,8,4,101.6829672459398,1
279,9,4,101.6829672459398,1
280,10,2,94.603976378461,1
280,10,2,94.0271618828078,3
280,3,10,102.47215663471559,1
280,3,4,102.84357682361308,2
280,3,5,103.41342027714964,1
280,4,6,104.5894579202365,4
281,2,10,100.78576967529254,1
282,3,5,105.81600659836761,2
282,3,6,105.81600659836761,1
282,2,4,98.12073569123962,1
282,2,4,97.86003143011291,1
282,10,4,97.20018982378515,2
283,2,10,102.59499957737577,2
284,1,10,102.91500301727021,1
284,2,10,100.47998592665036,1
284,3,10,105.51447384376763,2
284,2,4,94.7112442084518,2
285,2,10,100.61770050404448,2
286,10,3,98.2604225058075,1
286,10,3,98.13477817228639,3
287,2,10,100.69829847358291,1
287,2,10,100.86038146530623,3
287,4,3,97.13387858403337,4
287,5,4,94.5625054698014,3
288,1,10,100.52248871775198,3
288,1,4,100.5471771540821,1
288,2,4,105.07648100515647,1
288,2,10,105.27491055966422,1
288,10,3,99.0044373583373,3
288,5,4,95.08612497338038,1
288,6,7,63.46625932756926,3
288,10,7,63.28924427507886,17
288,5,7,63.031179245435425,2
288,6,7,63.031179245435425,3
288,4,7,62.99739337685796,3
288,5,7,62.762635819516845,2
288,5,8,62.762635819516845,1
288,6,8,62.762635819516845,5
288,5,8,62.71511741157492,3
288,6,8,62.71511741157492,1
288,5,8,62.69843472246205,3
288,6,8,62.69843472246205,2
288,10,8,62.69811832216202,15
288,10,9,62.69811832216202,30
289,10,3,94.57023887980094,1
289,5,3,94.55788108144085,1
289,5,7,61.08233301779652,1
289,6,7,61.08233301779652,4
289,5,7,61.03647876430882,3
289,6,7,61.03647876430882,4
289,5,7,61.034595885501794,3
289,6,7,61.034595885501794,2
289,5,7,61.007670879200816,1
289,6,7,61.007670879200816,5
289,5,7,60.983302436498334,2
289,6,7,60.983302436498334,3
289,5,7,60.981545614231116,3
289,6,8,60.981545614231116,4
289,5,8,60.95849930614471,4
289,6,8,60.95849930614471,2
289,5,8,60.86587488540636,3
289,6,8,60.86587488540636,3
289,5,8,60.76181301392031,1
289,6,8,60.76181301392031,4
289,5,8,60.73829598613216,2
289,6,8,60.73829598613216,5
289,1,8,60.56914239119016,1
289,5,8,60.46205636715888,2
289,5,9,60.46205636715888,1
289,6,9,60.46205636715888,4
289,1,9,59.88390466103542,1
289,5,9,59.882882612677086,4
289,6,9,59.882882612677086,5
289,3,9,59.509587904371415,3
289,4,9,59.035463291502396,4
289,3,9,58.987716230483905,2
289,5,9,58.73018700448927,2
289,6,9,58.73018700448927,5
290,1,10,103.10978945985747,1
290,1,10,103.51004525666123,1
290,2,10,102.35963106012906,5
290,3,10,102.91035489401031,1
291,4,10,104.56338870890626,1
291,7,10,138.6338234458023,4
291,7,5,138.86620209799628,1
291,7,6,138.86620209799628,1
291,7,4,138.93910512720987,5
291,7,6,139.15660785127588,4
291,7,6,139.18133088048907,1
291,7,3,139.1972646246312,4
291,7,5,139.29072925820518,4
291,7,6,139.29072925820518,2
291,7,5,139.31249760239075,2
291,7,6,139.31249760239075,3
291,8,6,139.31249760239075,1
291,8,5,139.32137289203123,1
291,8,6,139.32137289203123,3
291,8,5,139.3227567904762,5
291,8,6,139.3227567904762,4
291,8,5,139.37261951614937,3
291,8,6,139.37261951614937,1
291,8,5,139.3881036492378,3
291,8,6,139.3881036492378,3
291,8,5,139.41233181927734,2
291,8,6,139.41233181927734,1
291,8,5,139.41417873499415,1
291,8,6,139.41417873499415,3
291,9,5,139.42648799009936,3
291,9,6,139.42648799009936,1
291,9,5,139.4337979929319,1
291,9,6,139.4337979929319,4
291,9,5,139.439796841425,4
291,9,6,139.439796841425,5
291,9,5,139.4456188099034,3
291,9,6,139.4456188099034,3
291,9,5,139.45498558702653,3
291,9,6,139.45498558702653,2
291,9,5,139.4556635807035,2
292,10,2,97.85394252024092,2
292,10,2,97.63190798656532,1
292,10,4,98.1981799226038,4
293,10,2,96.47949396306964,5
293,10,3,96.97998137145413,1
293,4,10,101.51522127502511,1
293,4,10,101.60040609266986,2
294,10,1,98.64293245998857,2
295,5,1,93.39088009159282,3
295,2,10,101.03457795367038,1
295,2,10,101.12136703952885,1
295,2,3,99.39456431949726,2
295,5,3,97.29631814470807,2
295,4,5,104.82986916612049,2
295,4,6,104.82986916612049,2
295,4,5,104.97731485414542,1
296,2,5,106.8988494045433,1
296,7,5,104.85750397826192,3
296,8,6,104.85750397826192,3
296,9,6,104.85750397826192,1
296,9,3,105.1094034989815,1
296,9,5,105.40779669104495,1
297,10,1,96.70932784042344,4
297,2,10,100.9890256550297,2
298,10,4,95.79389415140356,1
298,10,4,95.56702179860648,3
299,10,1,99.27991026416095,3
299,4,2,95.88642433787965,1
299,4,3,98.0974679840345,1
299,7,1,124.40462009666413,2
299,7,10,124.87646616294012,1
299,7,10,124.96853102257269,2
299,7,5,125.98156789657239,2
299,7,6,125.98156789657239,2
299,7,5,126.0287511371341,1
299,7,6,126.0287511371341,3
299,7,5,126.1139555266831,1
299,7,6,126.1139555266831,5
299,7,5,126.12067100637165,1
299,8,5,126.12067100637165,1
299,8,6,126.12067100637165,5
299,8,5,126.12395975620983,1
299,8,6,126.12395975620983,4
299,8,5,126.12639456325948,5
299,8,6,126.12639456325948,3
299,8,5,126.12837399995404,1
299,9,5,126.12837399995404,3
299,9,6,126.12837399995404,5
299,9,5,126.1450232179426,4
299,9,6,126.1450232179426,2
299,9,5,126.15074464149865,2
299,9,6,126.15074464149865,1
299,9,5,126.17657975362059,2
299,9,6,126.17657975362059,1
300,10,1,99.1473269074554,2
300,2,1,100.50625521310926,2
300,2,3,97.19288233660222,1
300,4,3,95.04647355894245,1
300,4,6,104.72981178743623,2
301,1,10,103.24367192496837,4
302,1,10,104.06547046628259,5
303,10,3,97.87289345023638,2
304,10,2,93.96651171252961,1
304,5,2,93.4096536741659,3
304,4,10,100.37815443488236,1
304,6,7,85.96184326041441,3
304,2,7,85.72045879834374,4
304,1,7,85.68717305422302,2
304,5,7,85.56366638507978,2
304,5,8,85.56366638507978,2
304,6,8,85.56366638507978,3
304,5,8,85.46324286000325,2
304,6,8,85.46324286000325,3
304,5,8,85.40015779440128,1
304,5,9,85.40015779440128,1
304,6,9,85.40015779440128,2
304,5,9,85.38413990879627,5
304,6,9,85.38413990879627,3
306,10,2,95.6277977853326,1
306,1,3,98.92829437935916,2
306,1,3,98.68500013631862,2
307,2,10,102.53627956164567,1
307,2,10,102.58340180180107,2
307,2,10,102.83909431483244,1
307,10,3,94.26304182961155,1
307,7,10,143.0423279093091,2
307,7,1,143.17003070044115,1
307,7,5,143.81239660342257,5
307,7,6,143.81239660342257,1
307,7,5,143.9501638858626,5
307,7,6,143.9501638858626,1
307,7,5,143.97703560768576,3
307,7,6,143.97703560768576,1
307,7,5,143.98375353814154,5
307,7,6,143.98375353814154,4
307,7,5,144.0011857557654,5
307,7,6,144.0011857557654,2
307,8,6,144.0011857557654,2
307,8,5,144.03146615091268,3
307,8,6,144.03146615091268,4
307,8,6,144.04618337095465,1
307,8,5,144.0495882701628,3
307,8,6,144.0495882701628,1
307,8,5,144.0595075285204,3
307,8,6,144.0595075285204,3
307,8,5,144.07692870749054,4
307,8,6,144.07692870749054,5
307,8,5,144.0770457401519,3
307,8,6,144.0770457401519,2
307,8,5,144.09517853092902,1
307,9,5,144.09517853092902,3
307,9,6,144.09517853092902,5
307,9,5,144.09778634808396,1
307,9,6,144.09778634808396,5
307,9,5,144.12700098952672,5
307,9,6,144.12700098952672,2
307,9,5,144.16819224971556,5
307,9,6,144.16819224971556,1
307,9,5,144.20335979752343,4
307,9,6,144.20335979752343,3
307,9,2,144.2158121871811,1
308,1,10,100.6472763674843,1
308,1,2,95.86147103765393,1
308,1,2,94.72256211445364,1
308,1,3,96.75526529453438,1
308,4,3,96.39502988410774,3
308,5,4,94.86259193472941,2
308,6,4,94.86259193472941,2
308,7,6,128.69967828885504,5
308,7,2,129.18905576628305,1
308,7,3,129.24739773664638,5
308,7,5,129.28678849933,5
308,7,6,129.28678849933,1
308,7,1,129.3825277288803,5
308,7,5,129.3825594522867,1
308,8,6,129.3825594522867,2
308,8,2,129.3873584349937,2
308,8,3,129.5261474747353,2
308,8,3,129.5840952839126,1
308,8,5,129.59519957890024,3
308,8,6,129.59519957890024,4
308,8,5,129.63074139018886,5
308,8,6,129.63074139018886,4
308,9,2,129.69703241338644,1
308,9,3,129.705730426505,3
308,9,5,129.83995133350433,2
308,9,6,129.83995133350433,5
308,9,5,129.85961226709813,1
308,9,6,129.85961226709813,3
308,9,2,129.87792018744713,4
308,9,2,129.91988843467848,2
308,9,5,129.99153098404895,2
309,10,1,99.38917100225353,2
309,10,3,99.54549433641633,2
309,5,3,99.47480662518228,1
310,5,1,99.25013036451745,1
310,4,3,105.86184622239375,2
311,6,1,99.27399231501099,4
311,4,1,100.32487753282956,1
311,4,3,100.79924366905956,3
312,2,10,101.41587904352885,3
312,2,3,101.65508028832843,2
313,10,2,97.34506046228543,1
313,5,2,96.29142311859957,2
313,4,10,102.08589365855056,1
313,3,7,76.1864264524718,1
313,5,7,75.30220594408111,1
313,6,7,75.30220594408111,4
313,1,7,75.18332026374829,5
313,5,7,75.16192684574547,5
313,6,7,75.16192684574547,3
313,6,8,75.16192684574547,1
313,6,8,75.15416056862774,3
313,5,8,75.14691000992923,2
313,6,8,75.14691000992923,4
313,5,8,75.14378168691243,5
313,6,8,75.14378168691243,4
313,5,9,75.13757870308311,3
313,6,9,75.13757870308311,2
313,5,9,75.13118847655198,5
313,6,9,75.13118847655198,4
313,5,9,75.12685707116155,3
313,6,9,75.12685707116155,2
314,1,10,104.89594413242699,4
314,3,10,105.40103471870256,2
315,10,1,94.37059072264978,1
315,5,1,93.38617033901292,1
315,5,3,96.84675128717483,3
315,6,3,96.84675128717483,1
315,6,4,93.97327473847102,2
316,5,3,93.58821089461907,1
316,6,3,93.58821089461907,2
316,5,3,93.49708838848505,2
316,5,4,92.46041422680725,1
317,1,10,100.24730093001932,1
317,1,10,100.3490585666195,4
317,2,10,102.44432354839682,1
318,4,3,102.71530989214682,2
319,4,10,103.58779815714257,5
319,4,7,80.6421260616147,2
319,10,7,80.40714418868885,2
319,1,7,80.25880874809003,3
319,10,7,80.18275944144456,9
319,10,8,80.18275944144456,2
319,5,8,79.55721919392744,1
319,6,8,79.55721919392744,3
319,5,8,79.3884664841331,1
319,6,8,79.3884664841331,2
319,5,8,79.19409794633337,2
319,6,8,79.19409794633337,3
319,5,8,79.16900604765392,1
319,6,8,79.16900604765392,1
319,6,9,79.16900604765392,2
319,5,9,79.14481608964111,3
319,6,9,79.14481608964111,5
319,5,9,79.09993447057022,3
319,6,9,79.09993447057022,3
320,5,1,96.4883009092284,4
320,5,3,92.70831605353055,1
320,5,3,92.70671738083206,1
320,6,3,92.70671738083206,3
320,6,4,94.38128981837812,1
320,5,4,94.3703751990094,3
321,2,10,103.9834738251751,2
321,10,3,96.02741095184203,4
322,2,10,100.42955685434953,1
322,2,10,100.51609670552611,1
322,4,3,104.52582372453509,2
322,4,1,104.67823701751848,1
323,10,3,94.8242418405868,2
324,1,10,105.17794595243875,1
324,1,10,105.712954802213,3
324,3,10,106.26807198899235,2
324,10,4,99.59071119382077,1
324,10,4,99.28203496375488,1
325,1,10,103.35571959571323,5
325,10,4,97.01526600954091,1
325,10,7,59.83518545392162,7
325,5,7,59.17024767218721,5
325,6,7,59.17024767218721,5
325,1,7,59.06395197509367,2
325,5,7,58.920053546093506,5
325,6,7,58.920053546093506,3
325,5,7,58.90383657896282,2
325,6,7,58.90383657896282,2
325,5,7,58.88145946312508,2
325,5,8,58.88145946312508,2
325,6,8,58.88145946312508,4
325,2,8,58.83927617266725,2
325,5,8,58.79195099977414,5
325,6,8,58.79195099977414,5
325,5,8,58.77157434590056,2
325,6,8,58.77157434590056,4
325,5,8,58.74901441296847,1
325,6,8,58.74901441296847,5
325,5,8,58.6672457824048,2
325,6,8,58.6672457824048,1
325,6,9,58.6672457824048,2
325,4,9,58.56547399593776,5
325,5,9,58.38837839552091,1
325,6,9,58.38837839552091,2
325,5,9,58.34493870814291,3
325,6,9,58.34493870814291,3
325,5,9,58.27954081449663,5
325,6,9,58.27954081449663,4
325,3,9,58.09593410020509,1
325,2,9,58.06564319002248,3
325,1,9,57.999531810833496,2
325,1,9,57.98222320290061,2
326,3,1,93.78124776837728,3
326,2,1,93.68064525417878,1
326,3,2,93.32853761918801,1
326,3,2,92.96937940836028,1
326,4,2,92.16894640674312,1
326,5,4,95.35883496259035,4
327,10,1,97.31108044562296,3
327,10,3,95.18364437587387,2
327,10,7,71.33708690978087,15
327,5,7,70.4142500644778,1
327,4,7,70.26558695818541,4
327,3,7,68.70467264516657,3
327,3,8,68.70467264516657,2
327,2,8,68.26620335575117,5
327,4,8,68.22490475149148,3
327,4,8,68.21216799770926,3
327,3,8,68.10219007529301,1
327,1,8,67.89884088210923,4
327,4,8,67.88034859092438,5
327,2,9,67.74041647895505,2
327,1,9,67.55662442700896,4
327,4,9,67.41728845286646,3
327,3,9,67.3831331905252,2
327,2,9,67.27825096636403,2
327,3,9,67.10297849281116,5
327,4,9,66.99974505273683,5
328,4,10,105.1676766265332,2
329,2,10,100.42208874363752,1
329,2,10,100.54679936895609,3
330,10,1,98.03139740474319,1
330,10,1,97.95852628139491,2
330,10,3,94.95851036238508,1
330,5,4,95.54109821233493,4
330,5,4,95.48030178249212,1
331,1,2,102.82831039134902,1
331,1,10,102.85997574525052,1
331,1,5,103.0186962286902,3
331,3,6,100.4840609152977,3
331,4,6,104.12148146040442,1
331,4,10,104.45854877818643,3
332,10,1,94.41994276521882,4
332,3,10,104.2067997198633,2
332,10,4,94.7534486555263,3
333,2,10,101.56711841076728,1
333,10,3,94.85129300504455,3
334,1,10,104.0276734896498,1
334,1,5,104.55431869516204,1
334,3,5,101.57837688022352,2
334,4,5,105.05455549033763,1
334,4,6,105.05455549033763,1
335,10,2,94.3219412408672,1
336,10,2,99.8243481845297,1
336,10,2,99.78208091461784,1
336,10,3,95.85524947864585,1
336,5,3,95.01619323326739,3
336,5,7,58.43851674122337,1
336,5,7,58.40371329900739,2
336,5,7,58.318057128252626,4
336,5,7,58.30854751909197,2
336,5,7,58.287942225009935,1
336,5,7,58.2734442312095,3
336,2,7,58.25472834772593,3
336,5,7,58.2055210486818,4
336,5,7,57.75537673039853,3
336,4,7,56.27720167483657,5
336,3,7,56.20177277662424,5
336,1,8,55.43044032776916,5
336,2,8,55.04619290795396,1
336,1,8,54.70812694764304,4
336,2,8,54.70796064778672,5
336,4,8,54.69515877471962,1
336,3,8,54.64243625822468,2
336,4,8,54.636605412093814,5
336,3,8,54.63577898146064,4
336,1,8,54.58271882926963,5
336,1,8,54.5790341543691,1
336,1,9,54.5790341543691,3
336,2,9,54.57248435767464,5
336,1,9,54.56012102132155,5
336,3,9,54.55106235926478,2
336,4,9,54.549352436590134,3
336,2,9,54.545120958047626,5
336,2,9,54.54115268357973,2
336,3,9,54.53660464466261,3
336,2,9,54.525685021856596,4
336,3,9,54.50526561331393,1
336,10,2,99.83491500200768,1
337,5,2,92.26352927854107,2
337,10,1,95.99620360808508,1
337,10,5,97.26893435465331,2
337,10,6,97.26893435465331,2
338,2,3,103.23695171700905,4
338,2,4,103.52948897146265,1
338,10,4,98.93295237255407,3
339,10,1,95.38459427733298,4
339,10,2,94.29817010268968,4
340,10,1,94.36146174694002,3
340,3,2,101.62342507476535,2
340,10,4,99.33569882291353,2
341,2,10,100.34298068788894,1
341,2,1,100.34910731583184,3
341,10,4,97.46640217898081,2
342,10,1,99.66911261131065,1
342,10,1,99.60559671371217,1
344,1,10,102.8325013261651,1
344,10,2,98.26728768432196,1
344,10,2,98.09656919075154,1
344,10,2,97.73740133240518,3
345,10,1,97.26832560760447,1
345,10,2,97.64885182422145,2
345,10,4,93.71312429763225,5
346,1,10,104.71319867452041,1
346,2,1,105.23656883794396,2
346,5,4,93.13883908160284,3
347,4,2,103.82272646978382,1
347,4,5,104.0922848681804,2
347,10,7,72.329807738018,12
347,5,7,71.39464313818841,2
347,6,7,71.39464313818841,2
347,5,7,71.39336090634619,1
347,6,7,71.39336090634619,2
347,5,7,71.39000215091473,3
347,5,8,71.39000215091473,2
347,6,8,71.39000215091473,2
347,5,8,71.38487322354582,2
347,6,8,71.38487322354582,2
347,5,8,71.35092249234441,4
347,6,8,71.35092249234441,2
347,10,8,71.3356198121796,8
347,10,9,71.3356198121796,22
348,2,5,102.7204865953049,1
348,2,6,102.7204865953049,2
349,10,2,95.80770151984935,1
349,5,2,94.65412799859038,1
349,4,10,103.50972794912946,1
349,4,6,103.63739017388471,1
349,7,5,132.70173190033208,1
349,7,6,132.70173190033208,4
349,7,6,132.74864754602902,1
349,7,5,132.75207400435698,4
349,7,6,132.75207400435698,1
349,7,1,132.9279469720729,3
349,7,5,132.98314953690885,1
349,7,6,132.98314953690885,1
349,7,3,133.11814033297998,5
349,7,5,133.14732326644815,4
349,7,6,133.14732326644815,1
349,8,6,133.14732326644815,1
349,8,4,133.16276797735162,2
349,8,5,133.16722306431137,1
349,8,6,133.16722306431137,4
349,8,6,133.2086362778798,1
349,8,5,133.21858354492338,1
349,8,6,133.21858354492338,4
349,8,5,133.2253026466548,2
349,8,6,133.2253026466548,5
349,8,5,133.26068953891263,2
349,8,6,133.26068953891263,1
349,8,6,133.28483370159697,2
349,9,6,133.28483370159697,3
349,9,5,133.2967090693121,1
349,9,6,133.2967090693121,1
349,9,5,133.29743065438825,4
349,9,6,133.29743065438825,5
349,9,5,133.31195054997409,2
349,9,6,133.31195054997409,3
349,9,5,133.31268218588204,4
349,9,6,133.31268218588204,2
349,9,5,133.3331224487282,1
350,10,2,99.61151422098695,1
350,4,2,103.57914310172166,1
351,1,2,99.36341227050606,2
351,3,10,104.95318543478272,3
351,4,10,100.98914628227863,2
352,1,4,99.36043321531983,2
352,10,4,99.35293182815474,2
353,10,2,94.75612561583458,5
354,10,1,96.32429323013707,2
354,10,1,96.12720853128054,2
354,10,3,97.13023065339212,1
354,5,3,96.74323751286143,1
354,4,10,101.57746149487747,1
354,4,10,101.87281197961128,2
354,7,10,138.5284972170167,5
354,7,5,138.93968997293933,2
354,7,6,138.93968997293933,5
354,7,5,139.3437136055952,3
354,7,6,139.3437136055952,2
354,7,5,139.4447195137592,3
354,7,6,139.4447195137592,1
354,7,5,139.46179720547107,2
354,7,6,139.46179720547107,3
354,7,6,139.4622053141335,3
354,7,5,139.4622872825468,2
354,8,6,139.4622872825468,5
354,8,5,139.46367681511356,2
354,8,6,139.46367681511356,4
354,8,5,139.46488160286458,5
354,8,6,139.46488160286458,1
354,8,5,139.4671891547563,3
354,8,6,139.4671891547563,2
354,8,5,139.47072015405607,1
354,8,6,139.47072015405607,3
354,8,5,139.47206814137738,3
354,8,6,139.47206814137738,2
354,9,5,139.4722845639721,1
354,9,6,139.4722845639721,5
354,9,5,139.4819302093353,5
354,9,6,139.4819302093353,4
354,9,5,139.48929802153074,1
354,9,6,139.48929802153074,4
354,9,1,139.4908722268897,4
354,9,5,139.4989251899434,5
354,9,6,139.4989251899434,2
355,10,4,97.25899502220082,1
355,5,4,96.62564600809947,1
356,5,1,94.14215984405189,1
356,2,10,105.39030746578504,3
356,5,4,96.58337821469681,1
357,10,1,98.58331491051202,1
357,10,2,94.87217115295581,2
357,5,2,94.31950022847883,3
357,6,3,97.56823193964394,1
358,5,3,96.4799037995582,2
359,1,10,103.09363865473645,2
359,1,10,103.35128443481291,1
359,10,3,95.99188793425759,1
359,4,10,105.25618822369094,1
360,2,10,103.59559850133614,5
360,3,10,100.17961423687386,2
361,10,3,97.47194353029005,1
361,7,10,125.83539131105215,2
361,7,2,126.00093186879292,3
361,7,3,126.2383152512769,1
361,7,4,126.28606772888074,1
361,7,5,126.46818135781795,2
361,7,6,126.46818135781795,3
361,7,5,126.60722765788377,4
361,7,6,126.60722765788377,2
361,7,5,126.72366646937257,2
361,8,5,126.72366646937257,3
361,8,6,126.72366646937257,2
361,8,6,126.79896041544411,2
361,8,5,126.82899058204866,2
361,8,6,126.82899058204866,2
361,8,6,126.83556945296868,1
361,8,5,126.86222023561616,2
361,8,6,126.86222023561616,1
361,8,5,126.89047150667822,4
361,8,6,126.89047150667822,1
361,9,5,126.89880846974066,4
361,9,6,126.89880846974066,2
361,9,5,126.91958120955043,2
361,9,6,126.91958120955043,3
361,9,2,126.92703010026631,2
361,9,4,126.92815501565671,2
361,9,6,126.94411015292494,2
361,9,6,126.9464333136944,1
361,9,5,126.98482483946607,1
361,9,6,126.98482483946607,1
362,10,1,99.15008731006455,3
362,10,2,94.79715647246587,1
362,6,2,94.29864893772513,1
362,1,2,94.18765278357746,1
362,5,2,93.89965447147497,2
362,3,10,103.73101954475842,3
362,7,10,141.97891531365627,1
362,7,5,143.10239856925602,5
362,7,6,143.39931637468555,4
362,7,5,143.39998544686833,4
362,7,6,143.39998544686833,2
362,7,6,143.47666061452344,2
362,7,4,143.50185385074525,1
362,7,5,143.75942432708223,2
362,7,6,143.75942432708223,4
362,7,3,143.77230140877896,2
362,7,5,143.77378912252146,4
362,7,6,143.77378912252146,3
362,8,6,143.77378912252146,1
362,8,3,143.8385627169855,2
362,8,2,143.9647377141172,2
362,8,2,144.03695672743163,1
362,8,1,144.0380467851269,4
362,8,1,144.05777656497997,1
362,8,6,144.16304128357302,1
362,8,1,144.16869469987805,4
362,8,2,144.19413897146097,3
362,8,6,144.23372899480705,5
362,8,2,144.24427188099327,1
362,8,6,144.2483858404121,4
362,8,2,144.27266333624323,3
362,8,1,144.30932392703454,1
362,8,1,144.3112350641415,1
362,9,1,144.3112350641415,4
362,9,1,144.31379523066568,5
362,9,4,144.32983112283324,5
362,9,2,144.3435368876607,5
362,9,2,144.35282423067943,1
362,9,2,144.36326123861113,3
362,9,3,144.36738773806846,2
362,9,1,144.36968247057374,5
362,9,1,144.37734253804956,4
363,10,3,98.66413498760463,1
364,2,10,103.56304375288542,4
364,4,10,100.46776886520706,4
365,1,10,103.70406578041849,1
365,1,10,104.18023909020508,4
365,5,3,99.51701541129373,5
366,2,10,102.28919422645896,1
366,2,10,102.88441086369218,3
366,3,10,102.74283321559697,3
366,4,10,101.35331293580784,3
367,10,3,98.99191145178048,1
367,6,3,98.95923042296016,2
367,1,3,98.30598170051422,1
367,1,4,98.60772876780175,2
368,1,10,104.69117532197913,1
369,4,10,104.9802652854008,1
370,10,2,94.99527228828651,1
370,10,2,94.8080375659406,4
370,10,4,96.51286812022187,1
372,7,10,125.63247364735102,1
372,7,10,125.75175275290256,4
372,7,2,125.93302857593113,5
372,7,10,126.21975580548407,7
372,7,1,126.3300855626774,2
372,7,5,126.44073164444625,1
372,7,5,126.76343228366022,1
372,8,5,126.82456282525538,1
372,8,5,126.84324523298588,1
372,8,5,126.84410744346371,1
372,8,5,126.90425493830229,1
372,8,5,126.92052062045767,1
372,8,5,127.16504278683831,1
372,8,1,128.10043069973446,1
372,8,2,128.1079803457572,1
372,8,1,128.11191453810335,4
372,8,4,128.1202798711892,1
372,8,3,128.13952566060803,2
372,8,4,128.2215789004269,2
372,8,1,128.23368962233678,3
372,8,3,128.2641180510358,1
372,9,3,128.2641180510358,1
372,9,4,128.27044958463088,5
372,9,3,128.27574656529663,1
372,9,3,128.3011397436594,5
372,9,2,128.30453270553727,3
372,9,2,128.31124938788082,1
372,9,1,128.40092620652283,2
372,9,1,128.43317034829965,1
372,9,4,128.45594743143744,1
372,9,1,128.46199174067982,1
374,4,10,105.76561652819524,5
374,3,10,100.96546251565462,1
375,2,10,104.78016341602384,5
375,2,10,100.34889301288854,1
375,5,10,100.28359221761386,4
376,2,10,105.17704240846177,2
376,6,10,100.2672670187952,2
377,1,10,100.68309062545956,2
377,1,10,100.89869977611761,3
378,1,10,104.28264555833707,1
378,1,10,104.5890538677682,2
378,1,10,104.96890412419907,1
379,4,10,104.62964085358664,1
379,4,1,105.32425790977865,2
379,4,10,105.3385992091419,1
380,10,2,97.3701521475812,1
380,10,4,97.33286093353524,1
380,2,4,97.22546824848592,1
381,2,10,102.76685391481391,1
381,2,10,102.76827265166973,1
381,2,10,103.48290595464832,2
382,1,10,105.70199936784164,4
382,10,4,98.50559429443413,1
383,2,7,81.15842168107781,2
383,10,7,81.10839942016909,2
383,1,7,81.1052944503854,5
383,1,7,81.00011400685247,4
383,5,7,80.71204758701064,2
383,5,8,80.71204758701064,1
383,6,8,80.71204758701064,1
383,3,8,80.66433880122568,5
383,3,8,80.62316278981531,1
383,5,8,80.38734860073629,5
383,6,8,80.38734860073629,2
383,6,9,80.38734860073629,1
383,5,9,80.35946053078538,3
383,6,9,80.35946053078538,1
383,5,9,80.3435285292355,4
383,6,9,80.3435285292355,3
383,5,9,80.32344388092383,2
383,6,9,80.32344388092383,1
384,3,2,98.44709814301959,2
384,4,2,100.95724653708353,1
384,7,10,140.5154416974701,1
384,7,10,140.67975009913127,6
384,7,1,140.75966768660254,5
384,7,4,140.92582408356014,3
384,7,10,141.22611265621566,15
384,7,1,141.24170395492743,1
384,7,5,141.2427753887124,1
384,7,4,141.4467276865872,1
384,7,2,142.00385275969012,1
384,8,2,142.00385275969012,1
384,8,2,142.54328684060164,3
384,8,3,142.87340826633977,1
384,8,4,143.0450338613922,1
384,8,3,143.33993044029825,3
384,8,4,143.35957809219298,1
384,8,1,143.37568751257473,1
384,8,3,143.37708183355934,5
384,8,1,143.3929491664353,4
384,8,1,143.4055038806756,2
384,8,3,143.41189426261897,5
384,8,3,143.43572317756036,1
384,8,3,143.4501833182588,2
384,8,3,143.49312291425204,1
384,8,3,143.50084585208037,2
384,8,2,143.5078527643063,1
384,9,2,143.5078527643063,1
384,9,4,143.51034822530332,1
384,9,2,143.51133433348983,4
384,9,1,143.51224063149346,1
384,9,1,143.51248069444836,2
384,9,1,143.5146068577354,4
384,9,1,143.5238408028888,4
384,9,2,143.5607886096496,3
384,9,2,143.56585311615203,5
384,9,3,143.58337067165826,1
384,9,1,143.59521468205924,2
384,9,4,143.5958511063623,4
384,9,3,143.60730208178094,2
385,1,3,109.60518614168328,2
385,3,4,99.2327694113554,3
385,10,4,98.73688522957474,2
386,1,2,98.49630936067632,3
386,5,2,98.17645406552035,1
386,3,10,105.73026266983672,1
386,5,4,99.24581618454206,1
387,5,2,96.38656852863167,2
387,5,10,100.22424604736725,1
387,6,10,100.22424604736725,2
388,1,10,100.99540222175719,4
388,4,10,103.2058899104351,1
388,6,10,100.22424604736725,3
389,10,1,95.0068991740613,2
389,2,10,102.74313303345693,2
389,3,10,104.93276837649722,1
389,3,10,105.43197775430275,2
390,10,1,97.85501514548241,1
390,10,1,97.61279458925249,3
390,2,10,105.45847563890462,5
390,10,4,95.62395217198852,3
391,5,2,92.98267769463762,3
391,6,2,92.98267769463762,1
392,4,1,101.02937242268405,1
392,10,1,99.91110429984502,1
393,10,1,99.91110429984502,1
394,3,1,100.86598416868665,1
394,3,10,101.08843711437729,3
394,10,4,98.25251399859096,4
395,10,3,99.29566756311061,1
396,6,4,96.51246951424147,2
396,10,3,98.96265111960109,4
397,3,10,103.54019577070525,1
397,3,10,103.68211190488891,1
398,1,10,105.92586792562116,1
398,10,3,94.01274628909692,2
398,7,10,136.54561454025549,2
398,7,2,136.57766001265256,3
398,7,4,136.84025859668918,2
398,7,5,136.85204157542796,1
398,7,10,137.08158291489949,20
398,7,3,137.09481799115918,1
398,7,3,137.1106878017447,1
398,8,3,137.1106878017447,4
398,8,3,137.1747414106029,4
398,8,4,137.19306975288112,4
398,8,4,137.26361954323875,1
398,8,5,137.3746262296786,3
398,8,5,137.44535423695717,3
398,8,5,137.53472528462248,3
398,8,5,137.53472528462248,5
398,8,5,137.53472528462248,3
398,9,5,137.53472528462248,1
398,9,5,137.59970241690826,1
398,9,5,137.66641442110858,2
398,9,5,137.68875718302493,3
398,9,5,137.79919639549493,4
398,9,5,137.79919639549493,3
398,9,1,137.86383493489842,1
398,9,5,137.97968525810143,5
398,9,5,138.05504120162027,3
398,9,1,138.58883075049772,5
398,9,2,138.64093178719662,1
398,9,2,138.65110369583607,1
399,1,10,102.35770857784564,1
399,1,4,98.12906985631852,1
399,3,4,96.44644900983579,2
400,2,4,109.44632458468627,3
400,2,3,109.45896679157302,1
400,10,3,98.20123640042333,1
400,10,3,98.13160592486078,1
400,10,3,97.84218511435873,1
400,4,10,103.16286959930437,4
401,2,10,101.80753535961121,5
401,3,10,102.11268203310192,2
401,5,10,100.5197800208092,3
401,6,10,100.5197800208092,2
402,10,2,94.54429919515638,2
402,10,4,97.17530967616094,2
403,4,10,101.2773202298286,5
404,1,10,102.52878702312223,1
404,4,10,102.1459876357232,1
404,4,10,102.86330092608904,2
404,7,10,109.5868372383026,7
404,8,10,109.5868372383026,7
404,9,10,109.5868372383026,3
404,9,3,109.87202252285516,1
404,9,1,110.89365083692073,3
405,2,10,102.10179756221032,1
405,2,1,104.17628140118458,1
405,2,4,101.17709366245971,2
406,2,3,100.52649711152966,1
406,10,3,98.42637356752564,1
407,5,3,98.8753112578366,4
407,6,10,101.5377217619664,3
408,2,10,102.9939652152693,4
408,4,10,102.20694880594075,3
409,2,10,105.37757914471871,4
409,10,4,96.88320398375632,1
409,5,4,96.71177018374539,3
410,2,10,101.03851654163657,1
410,2,10,101.14125014516898,1
411,1,10,102.74032102907975,2
411,10,2,98.82681475751548,1
411,5,2,98.6703702295899,1
412,2,10,101.3432571906786,2
413,10,2,96.05182850696943,1
413,5,2,95.8706374076661,1
413,6,3,96.91748522402608,2
413,6,4,95.8207238390492,1
413,10,4,95.64635506195319,2
414,10,1,97.547294912658,1
416,1,10,101.1027232914817,1
416,1,10,101.20020708167499,2
416,4,10,104.79699897521112,2
416,2,10,100.08105872140086,1
417,2,7,80.55541687144299,4
417,10,7,80.46179549531284,1
417,10,7,80.3898963116686,3
417,10,7,80.10229957709159,2
417,3,7,80.0194123641071,2
417,4,7,79.98114290092974,2
417,5,7,79.73195115734974,2
417,5,8,79.73195115734974,2
417,6,8,79.73195115734974,1
417,3,8,79.7304912214606,1
417,6,8,79.6405898833248,1
417,5,8,79.56890983948978,3
417,6,8,79.56890983948978,3
417,5,8,79.52766217129152,3
417,6,8,79.52766217129152,2
417,5,9,79.47534624663484,5
417,6,9,79.47534624663484,2
417,5,9,79.46803897649322,5
417,6,9,79.46803897649322,1
417,5,9,79.46246635324147,3
418,3,10,100.37234669762228,4
419,2,10,102.56458915196015,2
419,2,10,102.94869488677865,2
419,4,10,101.57539844088498,4
419,7,10,143.76204063738913,1
419,7,3,143.78639781444912,1
419,7,1,143.9805532142706,3
419,7,5,144.03280400786784,4
419,7,6,144.03280400786784,5
419,7,2,144.08095980766745,5
419,7,6,144.29508789398406,1
419,7,10,144.3773529955347,16
419,8,10,144.3773529955347,30
419,8,3,144.4392537185447,2
419,8,6,144.4424812204548,1
419,8,5,144.4425408900327,1
419,8,6,144.4425408900327,2
419,9,6,144.4425408900327,1
419,9,6,144.47932955207247,1
419,9,3,144.51475247002253,3
419,9,6,144.5272727731128,1
419,9,3,144.63233681846543,5
419,9,6,144.7897953375406,1
419,9,4,145.14305283273558,3
419,9,2,145.7128178603695,4
419,9,2,145.74339972569692,3
419,9,1,145.8457461910925,5
419,9,1,145.86873432303793,4
419,9,5,145.93189343879487,3
419,9,3,146.01017090704082,2
420,4,5,105.45899553493572,3
420,4,7,59.242098584459214,2
420,5,7,56.64748536708048,1
420,6,7,56.64748536708048,3
420,3,7,56.57909250514878,5
420,10,7,56.48585936906244,1
420,10,7,56.28598771922593,8
420,3,7,56.12371141535333,5
420,6,7,55.486501119879904,2
420,5,7,55.45734081619317,3
420,6,7,55.45734081619317,4
420,5,7,55.42126007828303,2
420,5,8,55.42126007828303,2
420,6,8,55.42126007828303,3
420,5,8,55.42126007828303,4
420,6,8,55.42126007828303,1
420,4,8,55.41252850520759,1
420,5,8,55.395279802370965,1
420,6,8,55.395279802370965,3
420,5,8,55.36759008500472,4
420,6,8,55.36759008500472,2
420,5,8,55.363201714063806,1
420,6,8,55.363201714063806,5
420,5,8,55.32175765161237,4
420,6,8,55.32175765161237,1
420,5,8,55.31620814447008,4
420,6,9,55.31620814447008,1
420,5,9,55.30944276027242,5
420,6,9,55.30944276027242,2
420,5,9,55.30910822986928,2
420,5,9,55.30628541736701,1
420,6,9,55.30628541736701,3
420,5,9,55.30198035225473,4
420,6,9,55.30198035225473,1
420,5,9,55.299050486385084,2
420,6,9,55.299050486385084,5
420,5,9,55.294955273378946,1
420,6,9,55.294955273378946,2
420,5,9,55.280401837212395,4
420,6,9,55.280401837212395,3
421,5,2,93.27479268921897,5
422,10,1,96.56810651753726,2
422,10,3,99.57034760160465,3
422,6,4,95.83989069697702,4
423,1,10,100.9776049047488,1
423,2,10,101.03015362162725,2
423,3,4,97.90456756466423,3
424,10,1,98.66849541692194,5
424,10,3,97.6812305940768,3
424,2,3,97.37257228353124,1
424,5,3,96.92140406029897,1
425,10,1,98.10581114314888,1
425,6,4,94.24549943249608,1
426,2,1,101.51185655474897,3
426,2,10,102.06667735197365,1
426,6,4,95.88342605093928,2
427,1,10,103.3365724845874,2
427,1,3,103.63592519950994,2
427,1,10,103.90613324647381,1
427,3,2,104.64074748459149,2
427,10,4,93.89031419985338,1
428,10,2,95.53955148826489,1
428,10,2,95.32830993023501,1
428,3,2,101.82794702390814,1
428,3,10,102.54749147619378,1
428,7,4,131.38241523182327,2
428,7,10,131.5971881071343,23
428,8,10,131.5971881071343,3
428,8,5,131.65383106109027,4
428,8,6,131.65383106109027,3
428,8,5,131.7120098549571,5
428,8,6,131.7120098549571,2
428,8,5,131.86468209352032,5
428,8,6,131.86468209352032,2
428,8,5,132.08687625505155,1
428,9,5,132.08687625505155,4
428,9,6,132.08687625505155,5
428,9,5,132.10142095351824,4
428,9,6,132.10142095351824,2
428,9,5,132.11827091221224,4
428,9,6,132.11827091221224,3
428,9,5,132.19877372815853,3
430,10,1,95.35067066674321,1
430,10,1,95.12411464180566,1
430,2,3,102.62795720759246,1
430,2,10,102.79803072231287,4
430,4,10,105.5337213338916,3
431,2,10,102.16580649124296,1
431,2,10,102.4557809979132,2
431,10,4,96.50127341642505,3
432,10,2,96.91816499220113,1
432,10,2,96.73408659310127,1
432,3,10,104.002985975869,2
433,10,1,98.70618196090615,2
433,5,1,98.32831297492848,1
433,3,10,100.35216845057866,1
434,10,3,95.31268356487791,1
434,5,3,94.74276143674518,1
434,5,4,95.10445027820185,1
435,1,10,103.29932421129115,1
435,5,2,96.0536802516767,2
435,6,2,96.0536802516767,1
435,1,4,95.96863128041133,2
435,6,4,95.88409052959476,1
436,10,1,94.15033397777853,5
436,10,2,94.21878694409966,1
436,5,2,93.2557160697469,1
437,1,10,101.95372455445765,1
437,2,10,103.69412832804883,2
438,2,10,103.02286259910947,1
438,2,3,103.94064468398625,3
438,10,4,95.89902141078741,1
439,10,1,98.20282954686297,1
439,6,1,97.09087543764903,2
439,7,5,111.64749855711301,4
439,7,6,111.64749855711301,1
439,7,5,111.85685235306087,2
439,7,6,111.85685235306087,1
439,8,6,111.85685235306087,3
439,8,5,111.87320057632397,2
439,8,6,111.87320057632397,1
439,8,5,111.9152023068757,2
439,9,5,111.9152023068757,1
439,9,6,111.9152023068757,4
439,9,5,111.95270918857844,3
440,1,10,103.63344166381657,4
440,5,3,97.54396885581079,2
441,10,1,95.2110869561088,3
441,10,3,95.11851416648838,2
441,5,3,94.46557967605736,1
441,6,3,94.46557967605736,2
442,6,1,95.54906586864601,2
442,4,10,100.96944215678383,1
442,4,10,101.18031550016524,2
443,10,1,95.45932455039386,3
443,10,2,94.33767936876023,4
443,6,2,93.73746321417457,1
443,3,10,102.09723957244347,3
443,4,2,101.58898344193827,3
444,1,10,103.57605494632287,1
445,1,2,101.40104520950433,1
445,3,2,101.72989830665978,1
446,3,1,103.15347251954299,1
446,3,10,103.23191727744683,2
446,7,10,104.4911058024481,1
446,7,5,105.08627958640112,1
446,7,6,105.08627958640112,1
446,8,6,105.08627958640112,3
446,9,5,105.25784310291493,3
448,3,1,103.25348168152432,5
449,10,1,98.41016158778696,1
449,10,1,98.18094739942495,1
449,10,2,95.21175562927297,5
449,4,10,101.44406733763446,1
449,7,10,115.10505551331377,8
449,7,5,115.75880427002559,2
449,7,6,115.75880427002559,1
449,7,5,115.86687685850856,1
449,8,6,115.86687685850856,5
449,8,5,116.05712983965391,4
449,8,6,116.05712983965391,3
449,9,6,116.05712983965391,1
449,9,2,116.13505883680565,2
449,9,6,116.14863115807904,2
449,9,5,116.14874718041017,1
449,9,6,116.14874718041017,1
449,9,5,116.16754978117903,3
449,9,6,116.16754978117903,2
450,2,6,103.83903603750214,1
450,10,7,72.77793914403338,1
450,10,7,72.5040335699366,5
450,5,7,72.14554753787851,4
450,6,7,72.14554753787851,1
450,5,7,71.9244970506455,1
450,6,7,71.9244970506455,3
450,3,7,71.75946592206685,3
450,5,7,71.70416939032324,3
450,6,7,71.70416939032324,1
450,6,8,71.70416939032324,4
450,6,8,71.66592843856034,3
450,4,8,71.63398714315726,4
450,1,8,71.60764449217072,2
450,5,8,71.6057945317485,2
450,6,8,71.6057945317485,1
450,5,8,71.60372544273001,2
450,6,8,71.60372544273001,4
450,6,9,71.60372544273001,1
450,5,9,71.59423486669563,4
450,6,9,71.59423486669563,2
450,5,9,71.57630391600782,5
450,6,9,71.57630391600782,5
450,5,9,71.55399251916728,1
450,6,9,71.55399251916728,1
450,5,9,71.5506037272832,3
451,5,4,93.93334288615327,2
452,4,10,103.30300548505318,2
453,1,10,100.17534898338171,1
453,2,10,103.81442185182237,1
453,1,7,73.96080452173503,2
453,10,7,73.57891801919192,9
453,5,7,72.59988480526796,4
453,6,7,72.59988480526796,4
453,6,7,72.5780445068456,2
453,6,8,72.5780445068456,3
453,5,8,72.571445082318,3
453,6,8,72.571445082318,3
453,5,8,72.57120264212719,5
453,6,8,72.57120264212719,3
