time,buyer,seller,price,qty
50,32,25,99.94754372529938,1
50,33,26,99.94754372529938,1
50,34,27,99.94754372529938,1
50,36,29,99.94754372529938,1
50,31,30,99.94176849803353,1
50,32,31,99.94176849803353,1
50,33,32,99.94176849803353,1
50,36,34,99.94176849803353,1
50,11,35,99.93738083132163,1
50,11,36,99.93738083132163,1
51,11,25,99.92976699417164,1
51,11,26,99.92976699417164,1
51,11,27,99.92976699417164,1
51,11,28,99.92976699417164,1
51,6,29,99.92975449417165,1
51,6,30,99.92975449417165,1
51,6,31,99.92975449417165,1
51,6,33,99.92975449417165,1
51,7,35,99.92975449417165,1
51,7,36,99.92975449417165,1
52,7,4,98.04170977696627,2
52,11,25,99.92596945059667,1
52,11,26,99.92596945059667,1
52,11,27,99.92596945059667,1
52,6,28,99.92595695059667,1
52,6,29,99.92595695059667,1
52,6,30,99.92595695059667,1
52,6,31,99.92595695059667,1
52,7,33,99.92595695059667,1
52,7,36,99.92595695059667,1
53,11,12,90.71746625195433,3
53,6,12,90.717457918621,1
53,6,13,90.717457918621,2
53,7,13,90.71744958528767,2
53,7,14,90.71744958528767,1
53,8,14,90.71742458528766,3
53,8,15,90.71742458528766,1
53,9,15,90.71742458528766,3
53,9,16,90.71742458528766,1
53,10,16,90.71742458528766,3
53,10,17,90.71742458528766,1
53,31,17,90.6990441517928,1
53,32,17,90.6990441517928,1
53,34,17,90.6990441517928,1
53,35,18,90.6990441517928,1
53,31,18,90.42859884517352,3
53,32,19,90.42859884517352,4
54,3,26,102.61363063897383,1
54,3,27,102.61363063897383,1
54,25,11,99.69243073233925,1
54,26,11,99.69243073233925,1
54,27,6,99.69243906567257,1
54,31,6,99.69243906567257,1
54,32,7,99.69244739900591,1
54,33,7,99.69244739900591,1
54,34,8,99.69246823233925,1
54,35,8,99.69246823233925,1
54,36,9,99.69246823233925,1
55,2,9,100.25581618508792,1
55,2,10,100.25581618508792,2
55,2,28,100.37354029422212,1
55,11,4,96.91365453798245,1
55,11,12,94.04225384458967,2
55,11,13,94.04225384458967,1
55,6,13,94.04224134458967,1
55,6,14,94.04224134458967,2
55,7,15,94.04223301125634,2
55,7,16,94.04223301125634,1
55,8,16,94.042212177923,1
55,8,17,94.042212177923,2
55,8,18,94.042212177923,1
55,9,18,94.042212177923,1
55,9,19,94.042212177923,2
55,25,11,99.69246302400592,1
55,26,11,99.69246302400592,1
55,27,6,99.69247552400591,1
55,28,6,99.69247552400591,1
55,29,7,99.69248385733924,1
55,31,7,99.69248385733924,1
55,33,8,99.69250469067256,1
55,34,9,99.69250469067256,1
55,35,10,99.69250469067256,1
56,2,29,100.76285598700456,1
56,2,32,100.76285598700456,1
56,2,33,100.76285598700456,1
56,2,34,100.76285598700456,1
56,3,36,101.16156580004957,1
56,3,32,101.21369691848145,1
56,3,33,101.21369691848145,1
56,3,34,101.21369691848145,1
56,11,12,97.65139584737854,1
56,11,13,97.65139584737854,1
56,11,14,97.65139584737854,1
56,6,15,97.65138334737853,1
56,6,16,97.65138334737853,1
56,6,17,97.65138334737853,1
56,7,18,97.65137501404521,1
56,7,19,97.65137501404521,1
56,25,11,99.78073162668989,1
56,26,11,99.78073162668989,1
56,28,6,99.78074412668988,1
56,29,6,99.78074412668988,1
56,31,7,99.78075246002322,1
56,32,7,99.78075246002322,1
56,33,8,99.78076496002322,1
56,35,8,99.78076496002322,1
57,26,11,99.78073996002323,1
57,28,11,99.78073996002323,1
57,29,11,99.78073996002323,1
57,30,6,99.78075246002322,1
57,32,6,99.78075246002322,1
57,33,7,99.78076496002322,1
57,34,7,99.78076496002322,1
58,5,9,103.52196004244986,2
58,5,8,103.52196420911653,1
58,28,11,99.78078371002323,1
58,29,11,99.78078371002323,1
58,30,6,99.78079204335656,1
58,32,6,99.78079204335656,1
58,33,7,99.78080454335655,1
58,34,7,99.78080454335655,1
58,35,8,99.78082121002322,1
58,36,9,99.78082121002322,1
59,11,1,96.79333982130532,3
59,6,4,95.9566775936527,3
59,7,4,95.9566650936527,2
59,25,11,99.78081079335655,1
59,26,11,99.78081079335655,1
59,27,6,99.78081912668989,1
59,28,6,99.78081912668989,1
59,30,7,99.78083579335654,1
59,35,7,99.78083579335654,1
59,36,8,99.78085662668988,1
60,11,4,95.33509546655002,3
60,27,11,99.78084100168988,1
60,28,11,99.78084100168988,1
60,31,6,99.78086183502322,1
60,33,6,99.78086183502322,1
60,34,7,99.78087850168987,1
60,35,7,99.78087850168987,1
61,25,11,99.78088683502321,1
61,27,11,99.78088683502321,1
61,28,6,99.78090766835655,1
61,30,6,99.78090766835655,1
61,31,7,99.78092433502322,1
61,32,9,99.78092850168989,1
61,33,10,99.78092850168989,1
61,35,8,99.78093266835654,1
62,11,25,99.85984531558461,1
62,11,26,99.85984531558461,1
62,11,28,99.85984531558461,1
62,6,29,99.85982448225128,1
62,6,30,99.85982448225128,1
62,6,31,99.85982448225128,1
62,6,32,99.85982448225128,1
62,7,34,99.85981198225127,1
62,7,35,99.85981198225127,1
62,7,36,99.85981198225127,1
63,1,11,100.5708319695582,1
63,5,11,102.9657918038844,1
63,5,6,102.96581263721774,2
63,11,25,99.85982448225127,1
63,11,26,99.85982448225127,1
63,11,27,99.85982448225127,1
63,6,28,99.85980781558462,1
63,6,29,99.85980781558462,1
63,6,30,99.85980781558462,1
63,7,31,99.85979948225128,1
63,7,32,99.85979948225128,1
63,7,33,99.85979948225128,1
63,7,34,99.85979948225128,1
63,9,35,99.85978281558462,1
63,9,36,99.85978281558462,1
64,11,12,89.8900537780533,3
64,6,12,89.89003711138665,2
64,6,13,89.89003711138665,1
64,7,13,89.89003294471998,3
64,9,13,89.89000794471997,1
64,9,14,89.89000794471997,3
64,10,14,89.88999961138664,2
64,10,15,89.88999961138664,2
64,8,15,89.88999544471997,3
64,8,16,89.88999544471997,1
64,36,16,89.84849160598415,1
64,32,16,89.6440366134222,2
64,33,16,89.6440366134222,1
64,33,17,89.6440366134222,5
64,35,18,89.6440366134222,5
64,35,19,89.6440366134222,1
64,36,19,89.6440366134222,4
65,25,6,99.67636137069978,1
65,26,6,99.67636137069978,1
65,29,11,99.67636137069978,1
65,30,11,99.67636137069978,1
65,31,11,99.67636137069978,1
65,32,7,99.67636553736645,1
65,33,7,99.67636553736645,1
65,34,9,99.67638637069977,1
65,35,9,99.67638637069977,1
65,36,10,99.6763947040331,1
66,25,11,99.6763822040331,1
66,27,11,99.6763822040331,1
66,28,6,99.6763947040331,1
66,29,6,99.6763947040331,1
66,31,7,99.67639887069976,1
66,32,7,99.67639887069976,1
66,33,9,99.6764197040331,1
66,34,9,99.6764197040331,1
66,35,8,99.67642387069976,1
66,36,10,99.67642387069976,1
67,25,11,99.75666248006401,1
67,29,11,99.75666248006401,1
67,30,6,99.756674980064,1
67,32,6,99.756674980064,1
67,36,7,99.75667914673068,1
68,25,11,99.75668331339735,1
68,26,11,99.75668331339735,1
68,28,6,99.75669581339734,1
68,29,6,99.75669581339734,1
68,30,7,99.75669581339734,1
68,32,7,99.75669581339734,1
68,34,8,99.75671248006401,1
68,35,9,99.75671248006401,1
69,4,10,101.05115108182031,1
69,5,25,102.63072952376638,1
69,5,26,102.63072952376638,1
69,5,28,102.63072952376638,1
69,5,30,102.63072952376638,1
69,25,11,99.75671352173067,1
69,29,11,99.75671352173067,1
69,30,6,99.75672602173067,1
69,34,6,99.75672602173067,1
70,25,11,99.756731230064,1
70,26,11,99.756731230064,1
70,27,7,99.75673539673068,1
70,29,7,99.75673539673068,1
70,30,6,99.756743730064,1
70,31,8,99.75674789673067,1
70,32,9,99.75674789673067,1
70,34,10,99.75674789673067,1
72,2,11,99.92055080652159,1
72,2,7,99.92055497318825,1
72,2,6,99.92055913985492,1
72,2,8,99.92056330652159,1
72,2,9,99.92056330652159,1
75,4,25,104.66873896053742,1
75,4,26,104.66873896053742,1
75,4,28,104.66873896053742,1
77,2,25,103.03451982171143,1
77,5,26,100.3297114496296,1
77,5,28,100.3297114496296,1
77,5,29,100.3297114496296,1
78,2,26,104.22064129869585,1
78,2,27,104.22064129869585,1
80,26,1,99.33456905883301,1
80,27,3,96.161555977467,1
80,29,3,96.161555977467,1
80,32,3,96.161555977467,1
80,33,3,96.161555977467,1
81,2,25,102.48905986802038,1
81,2,26,102.48905986802038,1
81,2,27,102.48905986802038,1
81,2,30,102.48905986802038,1
81,2,31,102.48905986802038,1
81,3,32,103.8569230150477,1
81,3,34,103.8569230150477,1
81,25,12,95.11004311126302,1
81,26,12,95.11004311126302,1
81,27,13,95.11004311126302,1
81,29,13,95.11004311126302,1
81,30,14,95.11004311126302,1
81,31,14,95.11004311126302,1
81,32,15,95.11004311126302,1
81,33,15,95.11004311126302,1
81,34,16,95.11004311126302,1
81,36,16,95.11004311126302,1
81,34,17,95.11003964925888,1
81,35,17,95.11003964925888,1
81,36,18,95.11003964925888,1
81,25,18,95.11001944533672,1
81,26,19,95.11001944533672,1
81,29,19,95.11001944533672,1
82,26,2,95.99470756262872,1
82,27,2,95.99470756262872,1
82,28,2,95.99470756262872,1
82,33,2,95.99470756262872,1
82,34,3,96.23856466988855,1
82,30,3,96.23854013846122,1
82,31,3,96.23854013846122,1
82,32,3,96.23854013846122,1
82,33,3,96.23854013846122,1
83,34,2,96.52438706301619,1
83,35,2,96.52438706301619,1
83,5,25,101.88978626601026,1
83,5,26,101.88978626601026,1
83,5,28,101.88978626601026,1
83,5,29,101.88978626601026,1
84,25,1,97.811804511149,1
84,26,1,97.811804511149,1
84,27,1,97.811804511149,1
84,29,1,97.811804511149,1
84,30,1,97.811804511149,1
85,3,30,102.59445425519785,1
86,25,12,89.83264138868716,1
86,26,12,89.83264138868716,1
86,27,12,89.83264138868716,1
86,28,12,89.83264138868716,1
86,32,12,89.83264138868716,1
86,35,13,89.83264138868716,1
86,25,13,89.8326402331765,1
86,30,13,89.8326402331765,1
86,31,13,89.8326402331765,1
86,33,13,89.8326402331765,1
86,34,14,89.8326402331765,1
86,35,14,89.8326402331765,1
86,36,14,89.8326402331765,1
86,31,14,89.83263561113381,1
86,32,14,89.83263561113381,1
86,34,15,89.83263561113381,1
86,35,15,89.83263561113381,1
86,36,15,89.83263561113381,1
86,36,15,89.83261712296309,1
86,25,15,89.83249067972974,1
86,26,16,89.83249067972974,1
86,27,16,89.83249067972974,1
86,30,16,89.83249067972974,1
86,31,16,89.83249067972974,1
86,32,16,89.83249067972974,1
86,33,17,89.83249067972974,1
86,35,17,89.83249067972974,1
86,26,17,89.8316759533842,1
86,27,17,89.8316759533842,1
86,28,17,89.8316759533842,1
86,29,18,89.8316759533842,1
86,30,18,89.8316759533842,1
86,31,18,89.8316759533842,1
86,32,18,89.8316759533842,1
86,33,18,89.8316759533842,1
86,34,19,89.8316759533842,1
86,11,19,89.82009162972642,4
87,26,5,95.35328384596477,1
89,25,1,96.32694754038963,1
89,26,1,96.32694754038963,1
89,27,1,96.32694754038963,1
89,2,25,104.1542493395527,1
89,2,26,104.1542493395527,1
89,28,4,96.16886681071045,1
89,29,4,96.16886681071045,1
89,30,4,96.16886681071045,1
91,2,25,100.16382210221435,1
91,2,26,100.16382210221435,1
91,2,27,100.16382210221435,1
92,25,1,94.87957054180126,1
92,26,5,99.1578926066478,1
92,27,5,99.1578926066478,1
92,28,5,99.1578926066478,1
92,29,5,99.1578926066478,1
92,30,5,99.1578926066478,1
95,3,25,104.54466088392266,1
95,3,26,104.54466088392266,1
95,3,27,104.54466088392266,1
95,3,28,104.54466088392266,1
95,3,30,104.54466088392266,1
96,25,4,94.86170730116027,1
96,26,4,94.86170730116027,1
96,12,27,109.79545109125314,1
96,12,28,109.79545109125314,1
96,12,29,109.79545109125314,1
96,12,30,109.79545109125314,1
96,12,31,109.79545109125314,1
96,13,32,109.79545109125314,1
96,13,33,109.79545109125314,1
96,13,34,109.79545109125314,1
96,13,35,109.79545109125314,1
96,13,36,109.79545109125314,1
96,14,31,109.79545109129111,1
96,14,34,109.79545109129111,1
96,14,36,109.79545109129111,1
96,14,25,109.79545109144297,1
96,14,27,109.79545109144297,1
96,15,29,109.79545109144297,1
96,15,33,109.79545109144297,1
96,15,35,109.79545109144297,1
96,15,36,109.79545109144297,1
96,15,25,109.79545109233024,1
96,16,28,109.79545109233024,1
96,16,29,109.79545109233024,1
96,16,34,109.79545109233024,1
96,16,28,109.79545109587932,1
96,16,29,109.79545109587932,1
96,17,30,109.79545109587932,1
96,17,32,109.79545109587932,1
96,17,33,109.79545109587932,1
96,17,35,109.79545109587932,1
96,17,27,109.79545111563115,1
96,18,28,109.79545111563115,1
96,18,29,109.79545111563115,1
96,18,31,109.79545111563115,1
96,18,32,109.79545111563115,1
96,18,34,109.79545111563115,1
96,19,35,109.79545111563115,1
96,19,36,109.79545111563115,1
96,19,31,109.79545123661258,1
96,19,33,109.79545123661258,1
96,19,35,109.79545123661258,1
97,28,1,99.27017743858296,1
97,29,1,99.27017743858296,1
97,31,1,99.27017743858296,1
97,32,1,99.27017743858296,1
99,33,25,99.66058007778565,1
99,34,25,99.66058007778565,1
99,35,25,99.66058007778565,1
99,36,26,99.66058007778565,1
99,27,26,99.66058007776317,1
99,28,26,99.66058007776317,1
99,29,28,99.66058007776317,1
99,30,28,99.66058007776317,1
99,32,28,99.66058007776317,1
99,33,29,99.66058007776317,1
99,34,29,99.66058007776317,1
99,35,29,99.66058007776317,1
99,36,32,99.66058007776317,1
99,31,32,99.66058007748336,1
99,35,32,99.66058007748336,1
99,36,34,99.66058007748336,1
99,31,34,99.6605800719278,1
99,35,34,99.6605800719278,1
99,36,35,99.6605800719278,1
99,29,35,99.66058002995373,1
99,30,35,99.66058002995373,1
99,33,36,99.66058002995373,1
99,34,36,99.66058002995373,1
99,11,36,99.64804676484401,1
100,1,25,103.64899690949176,1
100,1,26,103.64899690949176,1
100,1,27,103.64899690949176,1
100,11,25,99.63865094680443,3
100,7,28,99.63862594680444,3
100,7,29,99.63862594680444,1
100,6,29,99.63862178013778,2
100,6,30,99.63862178013778,2
100,10,30,99.63862178013778,1
100,10,32,99.63862178013778,3
100,8,33,99.6386176134711,3
100,8,35,99.6386176134711,1
100,9,35,99.6386176134711,2
100,9,36,99.6386176134711,2
100,35,36,99.63416251070967,1
101,36,3,95.8373640435592,1
101,2,3,95.6800953721864,1
101,4,29,101.82887897353015,1
101,4,30,101.82887897353015,1
101,4,31,101.82887897353015,1
101,4,32,101.82887897353015,1
101,12,34,109.7814806132005,1
101,12,35,109.7814806132005,1
101,12,36,109.7814806132005,1
101,12,25,109.78148073553764,1
101,12,27,109.78148073553764,1
101,13,28,109.78148073553764,1
101,13,29,109.78148073553764,1
101,13,30,109.78148073553764,1
101,13,31,109.78148073553764,1
101,13,32,109.78148073553764,1
101,14,33,109.78148073553764,1
101,14,36,109.78148073553764,1
101,14,36,109.78148122488618,1
101,14,28,109.7814875807918,1
101,14,29,109.7814875807918,1
101,15,30,109.7814875807918,1
101,15,31,109.7814875807918,1
101,15,32,109.7814875807918,1
101,15,34,109.7814875807918,1
101,15,35,109.7814875807918,1
101,16,30,109.7815332083365,1
101,16,31,109.7815332083365,1
101,16,32,109.7815332083365,1
101,16,34,109.7815332083365,1
101,16,36,109.7815332083365,1
101,17,29,109.78184216174864,1
101,17,31,109.78184216174864,1
101,17,33,109.78184216174864,1
101,17,34,109.78184216174864,1
101,17,35,109.78184216174864,1
101,18,36,109.78184216174864,1
101,18,11,109.7823551400552,2
101,18,7,109.78237597338853,2
101,19,6,109.7823801400552,2
101,19,10,109.7823801400552,2
101,19,8,109.78238430672187,1
101,11,26,99.63060025238025,2
101,11,27,99.63060025238025,1
101,7,27,99.63057941904691,1
101,7,28,99.63057941904691,2
101,6,29,99.63057525238025,2
101,6,30,99.63057525238025,2
101,10,31,99.63057525238025,2
101,10,32,99.63057525238025,2
101,8,34,99.63057108571357,2
101,8,35,99.63057108571357,2
102,11,26,99.6306044190469,2
102,11,29,99.6306044190469,1
102,6,29,99.63058358571358,1
102,6,30,99.63058358571358,2
102,7,31,99.63058358571358,2
102,7,32,99.63058358571358,1
102,8,32,99.63058358571358,1
102,8,34,99.63058358571358,2
102,10,35,99.63058358571358,2
102,10,36,99.63058358571358,1
102,9,36,99.63057108571357,1
103,9,2,99.46068608376859,3
103,36,2,99.26519498638106,2
103,11,25,99.6305919190469,2
103,11,27,99.6305919190469,1
103,6,27,99.63057108571357,1
103,6,29,99.63057108571357,2
103,7,31,99.63057108571357,2
103,7,32,99.63057108571357,1
103,8,32,99.63057108571357,1
103,8,34,99.63057108571357,2
103,10,35,99.63057108571357,2
104,10,4,96.76143903976376,1
104,9,4,96.76143070643043,3
104,1,4,96.18141113294718,1
104,6,26,99.63056796071356,2
104,6,28,99.63056796071356,1
104,7,28,99.63056796071356,1
104,7,32,99.63056796071356,2
104,8,33,99.63056796071356,2
104,8,36,99.63056796071356,1
104,10,36,99.63056796071356,1
105,6,25,99.63057212738025,2
105,7,26,99.63057212738025,2
105,8,29,99.63057212738025,2
105,10,30,99.63057212738025,2
105,10,33,99.63057212738025,1
105,11,33,99.6305637940469,1
105,11,34,99.6305637940469,1
105,9,34,99.63055962738024,1
105,9,35,99.63055962738024,2
106,25,9,99.07440045438531,1
106,26,9,99.07440045438531,1
106,27,10,99.07440462105198,1
106,28,10,99.07440462105198,1
106,29,10,99.07440462105198,1
106,30,6,99.07440878771865,1
106,31,6,99.07440878771865,1
106,33,6,99.07440878771865,1
106,34,7,99.07440878771865,1
106,36,7,99.07440878771865,1
107,25,6,99.07440253771865,1
107,26,6,99.07440253771865,1
107,30,6,99.07440253771865,1
107,31,7,99.07440670438532,1
107,32,7,99.07440670438532,1
107,33,7,99.07440670438532,1
107,34,10,99.07440670438532,1
107,36,10,99.07440670438532,1
108,25,7,99.07442024605199,1
108,26,7,99.07442024605199,1
108,28,6,99.07442441271866,1
108,29,6,99.07442441271866,1
108,30,8,99.07442441271866,1
108,31,8,99.07442441271866,1
108,32,8,99.07442441271866,1
108,33,9,99.07442441271866,1
108,35,9,99.07442441271866,1
109,12,8,104.19216735641413,2
109,13,8,104.19216735641413,1
109,13,10,104.19217985641413,1
109,14,10,104.19217985641413,1
109,14,7,104.19218402308081,1
109,15,7,104.19218402308081,1
109,15,6,104.19218818974747,1
109,16,6,104.19218818974747,1
109,16,9,104.19218818974747,1
109,17,9,104.19218818974747,1
109,17,11,104.19218818974747,1
109,18,11,104.19218818974747,2
109,19,36,104.41947640614487,2
110,11,25,99.38511478953103,1
110,11,26,99.38511478953103,1
110,8,27,99.38511062286437,1
110,8,28,99.38511062286437,1
110,8,29,99.38511062286437,1
110,10,32,99.38510228953103,1
110,10,33,99.38510228953103,1
110,10,34,99.38510228953103,1
110,7,35,99.38509812286438,1
111,8,12,89.5045784682625,3
111,10,12,89.50457013492917,2
111,10,13,89.50457013492917,1
111,11,13,89.50456180159583,2
111,7,13,89.50455763492917,2
111,7,14,89.50455763492917,1
111,6,14,89.50454930159583,3
111,9,14,89.50454930159583,1
111,9,15,89.50454930159583,2
111,26,15,89.33937004245331,1
111,28,15,89.33937004245331,1
111,29,15,89.33937004245331,1
111,32,16,89.33937004245331,1
111,34,16,89.33937004245331,1
111,35,16,89.33937004245331,1
111,36,16,89.33937004245331,1
111,2,16,89.05344736176795,1
111,2,17,89.05344736176795,2
111,4,17,88.86263275499934,3
111,4,18,88.7751283839305,5
111,25,19,88.53474326859855,5
112,25,10,98.62400596671262,3
112,26,7,98.6240101333793,2
112,26,8,98.62401430004596,1
112,28,8,98.62401430004596,2
112,28,6,98.62401846671263,1
112,29,6,98.62401846671263,1
112,29,9,98.62401846671263,2
112,30,11,98.62402680004595,3
113,35,2,98.49570015553749,3
113,25,8,99.11486857101886,1
113,28,8,99.11486857101886,1
113,29,8,99.11486857101886,1
113,31,10,99.1148769043522,1
113,32,10,99.1148769043522,1
113,33,11,99.11488107101886,1
113,35,11,99.11488107101886,1
114,2,11,102.68226365383236,1
114,2,7,102.68226782049902,2
114,2,6,102.68227615383236,1
114,25,11,99.11487794601886,1
114,26,11,99.11487794601886,1
114,27,11,99.11487794601886,1
114,29,8,99.11489044601886,1
114,30,8,99.11489044601886,1
114,33,10,99.11489461268553,1
114,35,10,99.11489461268553,1
114,36,7,99.11490294601886,1
115,25,11,99.11490919601886,1
115,27,11,99.11490919601886,1
115,28,8,99.1149175293522,1
115,30,8,99.1149175293522,1
115,32,9,99.11492169601885,1
115,33,9,99.11492169601885,1
115,34,10,99.11492169601885,1
115,35,10,99.11492169601885,1
115,36,6,99.11492586268552,1
116,11,4,95.82237849149726,1
116,11,5,95.0712141303419,2
116,25,11,99.1149175293522,1
116,26,11,99.1149175293522,1
116,27,7,99.11493836268554,1
116,28,7,99.11493836268554,1
116,29,8,99.11493836268554,1
116,31,8,99.11493836268554,1
116,32,6,99.11494252935219,1
116,33,6,99.11494252935219,1
116,35,9,99.11494252935219,1
116,36,9,99.11494252935219,1
117,25,11,99.11494461268552,1
117,29,11,99.11494461268552,1
117,31,10,99.11496127935219,1
117,33,10,99.11496127935219,1
117,34,7,99.11496544601886,1
117,35,7,99.11496544601886,1
118,30,11,99.11496857101884,1
118,32,11,99.11496857101884,1
118,33,8,99.11498107101885,1
119,11,1,96.82063639483772,2
119,12,11,108.9893896462807,2
119,12,6,108.98940631294737,2
119,12,8,108.98940631294737,1
119,13,8,108.98940631294737,1
119,13,9,108.98940631294737,2
119,13,10,108.98940631294737,2
119,14,7,108.98941047961404,1
119,14,25,109.10782653341712,1
119,14,26,109.10782653341712,1
119,14,27,109.10782653341712,1
119,14,30,109.10782653341712,1
119,15,33,109.10782653341712,1
119,15,36,109.10782653341712,1
119,15,26,109.35136152332024,1
119,15,27,109.35136152332024,1
119,15,28,109.35136152332024,1
119,16,29,109.35136152332024,1
119,16,30,109.35136152332024,1
119,16,31,109.35136152332024,1
119,16,32,109.35136152332024,1
119,16,33,109.35136152332024,1
119,17,34,109.35136152332024,1
119,17,35,109.35136152332024,1
119,17,36,109.35136152332024,1
119,17,33,109.36837054477209,1
119,17,34,109.36837054477209,1
119,18,36,109.36837054477209,1
119,18,1,109.36851069040767,2
119,18,35,109.4419330342788,1
119,18,26,109.44195363378094,1
119,19,27,109.44195363378094,1
119,19,28,109.44195363378094,1
119,19,29,109.44195363378094,1
119,19,30,109.44195363378094,1
119,19,31,109.44195363378094,1
120,11,25,99.46316834945162,1
120,11,26,99.46316834945162,1
120,11,27,99.46316834945162,1
120,6,28,99.46315168278495,1
120,6,29,99.46315168278495,1
120,6,30,99.46315168278495,1
120,6,31,99.46315168278495,1
120,7,32,99.46315168278495,1
120,7,34,99.46315168278495,1
120,7,35,99.46315168278495,1
120,7,36,99.46315168278495,1
121,11,25,99.46316834945162,1
121,11,27,99.46316834945162,1
121,11,28,99.46316834945162,1
121,6,29,99.46315584945162,1
121,6,30,99.46315584945162,1
121,6,31,99.46315584945162,1
121,7,32,99.46315584945162,1
121,7,33,99.46315584945162,1
121,7,34,99.46315584945162,1
121,8,35,99.46313918278494,1
122,8,4,96.33099481360549,2
122,11,25,99.46315897445162,1
122,11,26,99.46315897445162,1
122,11,27,99.46315897445162,1
122,6,29,99.46314647445162,1
122,6,31,99.46314647445162,1
122,6,32,99.46314647445162,1
122,7,33,99.46314647445162,1
122,7,34,99.46314647445162,1
122,7,35,99.46314647445162,1
122,8,36,99.46312980778495,1
123,8,5,97.43759437148593,2
123,9,5,97.43758187148593,2
123,11,25,99.46314126611828,1
123,11,26,99.46314126611828,1
123,6,27,99.46313709945161,1
123,6,28,99.46313709945161,1
123,6,31,99.46313709945161,1
123,7,32,99.46313709945161,1
123,7,33,99.46313709945161,1
123,7,34,99.46313709945161,1
123,8,35,99.46312043278496,1
123,8,36,99.46312043278496,1
124,6,25,99.46312564111828,1
124,6,27,99.46312564111828,1
124,7,29,99.46312564111828,1
124,7,30,99.46312564111828,1
124,11,32,99.46311730778496,1
124,11,33,99.46311730778496,1
124,8,34,99.46311314111827,1
124,8,35,99.46311314111827,1
125,8,1,96.86040069135606,1
125,9,1,96.86037569135607,3
125,9,3,96.44036579903062,1
125,8,26,99.46311626611828,1
125,8,28,99.46311626611828,1
125,8,29,99.46311626611828,1
125,6,31,99.46310793278495,1
125,6,32,99.46310793278495,1
125,7,33,99.46310793278495,1
125,7,35,99.46310793278495,1
125,11,36,99.46309959945162,1
126,11,4,96.34111128881892,1
126,9,4,96.34110712215227,3
126,8,27,99.46309959945161,1
126,8,28,99.46309959945161,1
126,9,29,99.46309543278494,1
126,9,30,99.46309543278494,1
126,9,31,99.46309543278494,1
126,6,32,99.46308709945161,1
126,6,34,99.46308709945161,1
126,7,35,99.46308709945161,1
126,7,36,99.46308709945161,1
127,11,2,99.53756419072025,2
127,10,2,99.53754335738691,2
127,3,8,103.67963870156083,3
127,3,9,103.67964286822749,1
127,10,4,95.23639260965885,2
127,25,4,95.032748613336,1
127,8,26,99.46308814111829,1
127,8,28,99.46308814111829,1
127,9,29,99.46308814111829,1
127,9,30,99.46308814111829,1
127,9,34,99.46308814111829,1
127,6,35,99.46306314111828,1
128,6,4,97.73928622000449,1
128,7,4,97.73928622000449,2
128,10,4,97.73928205333782,1
128,9,26,99.46306522445163,1
128,9,27,99.46306522445163,1
128,8,28,99.46306105778496,1
128,8,29,99.46306105778496,1
128,10,30,99.4630443911183,1
128,10,31,99.4630443911183,1
128,10,32,99.4630443911183,1
128,6,33,99.46303605778496,1
128,6,34,99.46303605778496,1
128,7,35,99.46303605778496,1
129,9,25,99.46303501611828,1
129,9,26,99.46303501611828,1
129,10,27,99.46303501611828,1
129,10,29,99.46303501611828,1
129,10,30,99.46303501611828,1
129,8,31,99.46303084945163,1
129,8,34,99.46303084945163,1
129,11,35,99.46301418278496,1
129,11,36,99.46301418278496,1
130,10,25,99.4630287661183,1
130,10,27,99.4630287661183,1
130,10,29,99.4630287661183,1
130,9,30,99.46300793278496,1
130,9,31,99.46300793278496,1
130,8,32,99.4630037661183,1
130,8,33,99.4630037661183,1
130,7,35,99.46299126611831,1
130,7,36,99.46299126611831,1
131,5,10,99.85554087954638,2
131,10,25,99.46300168278498,1
131,10,26,99.46300168278498,1
131,10,28,99.46300168278498,1
131,9,30,99.46296834945164,1
131,9,32,99.46296834945164,1
131,8,33,99.46296418278497,1
131,8,34,99.46296418278497,1
131,6,35,99.46295584945165,1
131,11,36,99.46295584945165,1
132,2,10,100.46492803985308,3
132,4,9,101.00782467647781,3
132,4,8,101.00782884314448,2
132,10,25,99.46296418278499,1
132,10,26,99.46296418278499,1
132,10,28,99.46296418278499,1
132,9,30,99.46293501611831,1
132,9,31,99.46293501611831,1
132,8,32,99.46292668278498,1
132,8,33,99.46292668278498,1
132,6,35,99.46291418278498,1
133,7,4,95.03519082186043,1
133,11,4,95.03519082186043,1
133,12,10,109.53640529353771,3
133,12,9,109.53643029353772,2
133,13,9,109.53643029353772,1
133,13,8,109.53643862687105,4
133,14,6,109.53644696020439,4
133,14,7,109.53644696020439,1
133,15,7,109.53644696020439,3
133,15,11,109.53644696020439,2
133,16,11,109.53644696020439,2
133,16,3,109.5731926867222,3
133,17,3,109.5731926867222,2
133,17,32,109.74033262319386,1
133,17,33,109.74033262319386,1
133,17,34,109.74033262319386,1
133,18,35,109.74033262319386,1
133,18,36,109.74033262319386,1
133,18,26,109.74041502120238,1
133,18,27,109.74041502120238,1
133,18,29,109.74041502120238,1
133,19,30,109.74041502120238,1
133,19,35,109.74041502120238,1
133,19,29,109.74074461323647,1
133,19,30,109.74074461323647,1
133,19,32,109.74074461323647,1
133,10,25,99.462914182785,1
133,10,26,99.462914182785,1
133,9,27,99.46288918278499,1
133,9,28,99.46288918278499,1
133,8,29,99.46288084945166,1
133,6,30,99.46287251611832,1
133,7,31,99.46287251611832,1
133,11,32,99.46287251611832,1
134,10,25,99.2320520391589,1
134,10,26,99.2320520391589,1
134,8,27,99.23202703915891,1
134,8,28,99.23202703915891,1
134,9,30,99.23202703915891,1
134,9,31,99.23202703915891,1
134,6,33,99.23201870582557,1
134,6,34,99.23201870582557,1
134,7,35,99.23201870582557,1
134,7,36,99.23201870582557,1
135,2,10,101.73844991664137,1
135,10,25,99.23202287249224,1
135,10,26,99.23202287249224,1
135,8,28,99.23199370582557,1
135,8,29,99.23199370582557,1
135,9,30,99.23199370582557,1
135,9,31,99.23199370582557,1
135,11,36,99.23199370582557,1
136,10,26,99.23199266415891,1
136,10,27,99.23199266415891,1
136,11,29,99.2319676641589,1
136,6,30,99.23196349749225,1
136,7,31,99.23196349749225,1
136,8,32,99.23196349749225,1
136,9,34,99.23196349749225,1
137,1,35,104.1522714417016,1
137,1,36,104.1522714417016,1
137,1,10,104.17956979733816,2
137,27,3,95.39922183456153,1
137,29,3,95.39922183456153,1
137,31,3,95.39922183456153,1
137,34,3,95.39922183456153,1
138,5,10,100.97573418987699,2
139,12,10,109.14579215624966,3
139,12,11,109.14582965624966,2
139,13,11,109.14582965624966,2
139,13,6,109.14583382291633,3
139,14,6,109.14583382291633,1
139,14,7,109.14583382291633,4
139,15,8,109.14583382291633,4
139,15,9,109.14583382291633,1
139,16,9,109.14583382291633,3
139,16,34,109.2190824982222,1
139,16,33,109.52768290198844,1
139,17,35,109.52768290198844,1
139,17,36,109.52768290198844,1
139,17,26,109.52978251136345,1
139,17,28,109.52978251136345,1
139,17,30,109.52978251136345,1
139,18,33,109.52978251136345,1
139,18,36,109.52978251136345,1
139,18,4,109.61629888566677,1
139,18,1,109.81338163248206,2
139,19,1,109.81338163248206,1
139,19,3,109.82959281038855,1
139,19,5,109.86980760004562,3
142,25,1,99.17602976160721,1
143,3,26,102.53816630771684,1
143,3,27,102.53816630771684,1
143,3,31,102.53816630771684,1
145,25,5,97.92796863144383,1
145,26,5,97.92796863144383,1
147,3,27,102.6297947585545,1
147,3,31,102.6297947585545,1
147,3,34,102.6297947585545,1
147,3,35,102.6297947585545,1
147,3,36,102.6297947585545,1
148,2,25,103.77658285234102,1
148,12,26,104.8894698170892,1
148,12,27,104.8894698170892,1
148,13,28,104.8894698170892,1
148,13,29,104.8894698170892,1
148,14,30,104.8894698170892,1
148,14,32,104.8894698170892,1
148,15,34,104.8894698170892,1
148,15,35,104.8894698170892,1
148,16,36,104.8894698170892,1
148,16,32,104.88956602168292,1
148,17,33,104.88956602168292,1
148,17,35,104.88956602168292,1
148,18,36,104.88956602168292,1
148,18,27,104.8901363728337,1
148,19,28,104.8901363728337,1
148,19,30,104.8901363728337,1
149,28,25,99.05598716373366,1
149,30,25,99.05598716373366,1
149,32,27,99.05598716373366,1
149,35,27,99.05598716373366,1
149,36,29,99.05598716373366,1
149,25,29,99.05598614378,1
149,26,32,99.05598614378,1
149,27,32,99.05598614378,1
149,29,33,99.05598614378,1
149,30,33,99.05598614378,1
149,32,35,99.05598614378,1
149,33,35,99.05598614378,1
150,3,26,101.68825608637943,1
150,35,26,99.05598588879158,1
150,36,26,99.05598588879158,1
150,25,27,99.05598180897698,1
150,26,27,99.05598180897698,1
150,28,30,99.05598180897698,1
150,29,30,99.05598180897698,1
150,32,31,99.05598180897698,1
150,35,31,99.05598180897698,1
150,27,32,99.05596548971855,1
150,28,32,99.05596548971855,1
150,31,33,99.05596548971855,1
150,36,33,99.05596548971855,1
150,28,34,99.05577995694262,1
150,29,34,99.05577995694262,1
150,32,35,99.05577995694262,1
150,33,35,99.05577995694262,1
151,1,27,99.32949038768993,1
151,12,28,104.21710816411459,1
151,12,29,104.21710816411459,1
151,13,30,104.21710816411459,1
151,13,31,104.21710816411459,1
151,14,32,104.21710816411459,1
151,14,34,104.21710816411459,1
151,15,36,104.21710816411459,1
151,15,31,104.21779341625084,1
151,16,32,104.21779341625084,1
151,16,33,104.21779341625084,1
151,17,34,104.21779341625084,1
151,17,36,104.21779341625084,1
151,18,25,104.22007482085395,1
151,18,26,104.22007482085395,1
151,19,27,104.22007482085395,1
151,19,28,104.22007482085395,1
151,34,25,99.05572847398037,1
151,36,25,99.05572847398037,1
151,29,26,99.05148586111258,1
151,32,26,99.05148586111258,1
151,35,28,99.05148586111258,1
151,36,28,99.05148586111258,1
151,10,29,99.04333508376945,2
151,10,30,99.04333508376945,1
151,11,30,99.04330175043611,1
151,11,31,99.04330175043611,1
151,6,31,99.04329758376944,1
151,6,33,99.04329758376944,1
151,7,33,99.04329758376944,1
151,7,35,99.04329758376944,1
151,8,35,99.04329758376944,1
151,8,36,99.04329758376944,1
151,9,36,99.04329758376944,1
152,3,33,102.60837336377358,1
152,3,34,102.60837336377358,1
152,3,36,102.60837336377358,1
152,3,10,102.61780009724515,2
152,10,25,99.0362327419991,2
152,9,26,99.0361952419991,2
152,11,28,99.0361952419991,2
152,6,29,99.03619107533243,1
152,7,29,99.03619107533243,1
152,8,30,99.03619107533243,1
152,35,30,99.02099342602794,1
152,36,31,99.02099342602794,1
153,10,25,98.78634476208171,1
153,10,26,98.78634476208171,1
153,6,28,98.78630726208172,1
153,7,29,98.78630726208172,1
153,8,30,98.78630726208172,1
153,9,31,98.78630726208172,1
153,11,32,98.78630726208172,1
153,36,33,98.77404982850896,1
154,1,10,102.4421103966656,2
154,2,10,102.4067846263818,1
154,2,6,102.40682212638181,2
154,10,25,98.77712772856881,1
154,10,26,98.77712772856881,1
154,6,27,98.77709022856882,1
154,7,28,98.77708189523548,1
154,8,31,98.77708189523548,1
154,9,32,98.77708189523548,1
154,11,33,98.77708189523548,1
155,1,10,101.51633932588894,1
155,10,25,98.77250983681236,1
155,10,26,98.77250983681236,1
155,6,27,98.77247233681237,1
155,7,28,98.77246400347903,1
155,8,30,98.77246400347903,1
155,9,31,98.77246400347903,1
155,11,32,98.77246400347903,1
155,36,33,98.76943818675252,1
156,4,3,96.45596089885947,3
156,25,3,96.3702784826572,2
156,25,10,98.32166580079776,2
156,26,10,98.32166580079776,1
156,26,6,98.3216991341311,1
156,28,6,98.3216991341311,2
156,29,6,98.3216991341311,1
156,29,7,98.32170746746442,1
156,30,7,98.32170746746442,2
156,31,7,98.32170746746442,1
156,31,8,98.32170746746442,1
156,32,8,98.32170746746442,2
156,33,8,98.32170746746442,1
156,33,9,98.32170746746442,1
156,34,9,98.32170746746442,2
156,35,9,98.32170746746442,1
156,35,11,98.32170746746442,1
156,36,11,98.32170746746442,2
157,1,11,99.99210973721621,1
157,1,36,100.24292467658267,1
157,1,31,100.33082953386715,1
157,1,32,100.33082953386715,1
157,25,10,98.32168455079777,2
157,26,10,98.32168455079777,1
157,26,6,98.32171371746443,1
157,27,6,98.32171371746443,2
157,29,7,98.32172205079777,2
157,30,7,98.32172205079777,2
157,32,8,98.32172205079777,2
157,33,8,98.32172205079777,2
157,34,9,98.32172205079777,2
157,35,9,98.32172205079777,2
157,36,11,98.32172205079777,2
158,10,3,93.91760999494497,1
158,25,10,98.32170434246443,2
158,26,10,98.32170434246443,1
158,26,6,98.32172934246442,1
158,27,6,98.32172934246442,2
158,28,7,98.32173350913109,2
158,29,7,98.32173350913109,1
158,29,8,98.32173350913109,1
158,31,8,98.32173350913109,2
158,32,9,98.32173350913109,2
158,34,9,98.32173350913109,1
158,34,11,98.32174184246443,1
158,35,11,98.32174184246443,2
159,1,32,100.57505951908124,1
159,1,33,100.57505951908124,2
159,1,34,100.57505951908124,1
159,26,6,98.57577387745263,1
159,27,6,98.57577387745263,1
159,28,6,98.57577387745263,1
159,29,10,98.57577387745263,1
159,30,10,98.57577387745263,1
159,33,7,98.57577804411929,1
159,34,7,98.57577804411929,1
159,35,7,98.57577804411929,1
160,1,8,103.01994896027945,2
160,25,6,98.57576450245264,1
160,26,6,98.57576450245264,1
160,27,6,98.57576450245264,1
160,30,7,98.5757686691193,1
160,31,7,98.5757686691193,1
160,32,7,98.5757686691193,1
160,33,8,98.57577283578597,1
160,34,8,98.57577283578597,1
161,1,8,98.89717682899325,1
161,1,9,98.8971851623266,1
161,25,8,98.57577491911928,1
161,27,8,98.57577491911928,1
161,28,7,98.57577908578597,1
161,29,7,98.57577908578597,1
161,31,6,98.57578325245262,1
161,33,6,98.57578325245262,1
161,35,9,98.57578325245262,1
161,36,9,98.57578325245262,1
162,25,9,98.5757811691193,1
162,26,9,98.5757811691193,1
162,30,9,98.5757811691193,1
162,31,8,98.57578950245264,1
162,33,8,98.57578950245264,1
162,34,7,98.57579366911929,1
162,35,7,98.57579366911929,1
163,2,6,102.5527426922317,1
163,25,9,98.57579783578596,1
163,27,9,98.57579783578596,1
163,30,8,98.57581033578596,1
163,31,8,98.57581033578596,1
163,32,10,98.57581033578596,1
163,33,10,98.57581033578596,1
164,9,5,96.16287554957027,3
164,25,9,98.57580616911929,1
164,26,9,98.57580616911929,1
164,29,6,98.57582700245263,1
164,30,6,98.57582700245263,1
164,32,7,98.57582700245263,1
164,33,7,98.57582700245263,1
164,34,11,98.57582700245263,1
164,35,11,98.57582700245263,1
164,36,11,98.57582700245263,1
165,5,8,101.05130255953321,1
165,25,9,98.57583325245263,1
165,26,9,98.57583325245263,1
165,27,11,98.57583325245263,1
165,28,11,98.57583325245263,1
165,29,11,98.57583325245263,1
165,30,10,98.57584991911929,1
165,32,10,98.57584991911929,1
165,34,6,98.57585408578595,1
165,35,6,98.57585408578595,1
165,36,7,98.57585408578595,1
166,25,11,98.57583637745263,1
166,27,11,98.57583637745263,1
166,28,11,98.57583637745263,1
166,29,9,98.57585721078595,1
166,30,9,98.57585721078595,1
166,32,8,98.57586971078595,1
166,35,8,98.57586971078595,1
166,36,7,98.57587387745264,1
167,26,11,98.57587700245261,1
167,27,11,98.57587700245261,1
167,29,9,98.5758936691193,1
167,30,9,98.5758936691193,1
167,31,10,98.57590200245262,1
167,34,10,98.57590200245262,1
167,35,6,98.57590616911929,1
167,36,6,98.57590616911929,1
168,25,11,98.57590721078596,1
168,26,11,98.57590721078596,1
168,29,9,98.57592387745262,1
168,30,9,98.57592387745262,1
168,31,7,98.57592804411928,1
168,32,7,98.57592804411928,1
168,33,8,98.57592804411928,1
168,35,8,98.57592804411928,1
168,36,10,98.57593221078596,1
169,11,12,96.22411776705627,1
169,11,13,96.22411776705627,1
169,11,14,96.22411776705627,1
169,9,15,96.22410110038962,1
169,9,16,96.22410110038962,1
169,9,17,96.22410110038962,1
169,9,18,96.22410110038962,1
169,6,19,96.22409693372295,1
169,25,11,98.57593741911928,1
169,26,11,98.57593741911928,1
169,27,9,98.57595408578595,1
169,29,6,98.57595825245261,1
169,30,7,98.57595825245261,1
169,31,8,98.57595825245261,1
169,32,10,98.57595825245261,1
170,33,2,97.4589933135765,1
170,34,2,97.4589933135765,1
170,35,2,97.4589933135765,1
170,11,12,92.27327876651403,3
170,9,13,92.2732704331807,3
170,6,14,92.27325376651402,3
170,6,15,92.27325376651402,1
170,7,15,92.27324959984736,2
170,7,16,92.27324959984736,2
170,8,16,92.27324959984736,1
170,8,17,92.27324959984736,3
170,10,18,92.27324959984736,3
170,10,19,92.27324959984736,1
170,36,19,92.27116652438343,1
170,3,19,91.85601415167598,1
171,25,4,98.46379666159964,1
171,26,4,98.46379666159964,1
171,27,4,98.46379666159964,1
171,28,4,98.46379666159964,1
171,29,4,98.46379666159964,1
174,12,25,108.48579872803558,1
174,12,26,108.48579872803558,1
174,12,27,108.48579872803558,1
174,12,29,108.48579872803558,1
174,12,30,108.48579872803558,1
174,13,31,108.48579872803558,1
174,13,32,108.48579872803558,1
174,13,33,108.48579872803558,1
174,13,35,108.48579872803558,1
174,13,36,108.48579872803558,1
174,14,25,108.48673709214033,1
174,14,26,108.48673709214033,1
174,14,29,108.48673709214033,1
174,14,31,108.48673709214033,1
174,14,34,108.48673709214033,1
174,15,36,108.48673709214033,1
174,15,20,108.49489309731851,2
174,15,21,108.49489309731851,2
174,16,22,108.49489309731851,2
174,16,23,108.49489309731851,2
174,16,24,108.49489309731851,1
174,17,24,108.49489309731851,1
174,17,11,108.49802493970701,2
174,17,9,108.49803327304033,2
174,18,6,108.49804577304033,2
174,18,7,108.49804993970702,2
174,18,8,108.49804993970702,1
174,19,8,108.49804993970702,1
174,19,10,108.49804993970702,2
174,19,20,108.52956219516692,2
178,25,2,94.46414886236636,1
178,30,2,94.46414886236636,1
178,31,2,94.46414886236636,1
178,33,2,94.46414886236636,1
178,34,2,94.46414886236636,1
179,5,25,102.8304386120482,1
179,5,26,102.8304386120482,1
179,5,27,102.8304386120482,1
179,12,28,99.30189352349149,1
179,13,30,99.30189352349149,1
179,14,31,99.30189352349149,1
179,15,32,99.30189352349149,1
179,16,34,99.30189352349149,1
179,17,35,99.30189352349149,1
179,18,25,99.3028530122759,1
179,19,26,99.3028530122759,1
181,1,25,100.78694303469184,1
181,1,26,100.78694303469184,1
181,1,28,100.78694303469184,1
181,1,30,100.78694303469184,1
181,1,32,100.78694303469184,1
183,1,33,103.4708044924314,1
186,12,29,107.21028216871659,1
186,12,30,107.21028216871659,1
186,12,31,107.21028216871659,1
186,12,32,107.21028216871659,1
186,13,33,107.21028216871659,1
186,13,34,107.21028216871659,1
186,13,35,107.21028216871659,1
186,13,34,107.21028482878958,1
186,14,35,107.21028482878958,1
186,14,36,107.21028482878958,1
186,14,25,107.2103447968386,1
186,14,27,107.2103447968386,1
186,15,28,107.2103447968386,1
186,15,30,107.2103447968386,1
186,15,31,107.2103447968386,1
186,15,32,107.2103447968386,1
186,16,33,107.2103447968386,1
186,16,35,107.2103447968386,1
186,16,36,107.2103447968386,1
186,16,27,107.21154415781913,1
186,17,29,107.21154415781913,1
186,17,30,107.21154415781913,1
186,17,31,107.21154415781913,1
186,17,32,107.21154415781913,1
186,18,33,107.21154415781913,1
186,18,34,107.21154415781913,1
186,18,35,107.21154415781913,1
186,18,25,107.21538211295683,1
186,19,27,107.21538211295683,1
186,19,28,107.21538211295683,1
186,19,29,107.21538211295683,1
186,19,33,107.21538211295683,1
187,25,12,88.76309993368069,1
187,29,12,88.76309993368069,1
187,30,12,88.76309993368069,1
187,31,12,88.76309993368069,1
187,32,12,88.76309993368069,1
187,33,13,88.76309993368069,1
187,35,13,88.76309993368069,1
187,25,13,88.7630998210951,1
187,26,13,88.7630998210951,1
187,27,13,88.7630998210951,1
187,28,14,88.7630998210951,1
187,29,14,88.7630998210951,1
187,30,14,88.7630998210951,1
187,31,14,88.7630998210951,1
187,32,14,88.7630998210951,1
187,33,15,88.7630998210951,1
187,34,15,88.7630998210951,1
187,35,15,88.7630998210951,1
187,36,15,88.7630998210951,1
187,25,15,88.76309937075268,1
187,26,16,88.76309937075268,1
187,27,16,88.76309937075268,1
187,28,16,88.76309937075268,1
187,29,16,88.76309937075268,1
187,30,16,88.76309937075268,1
187,31,17,88.76309937075268,1
187,32,17,88.76309937075268,1
187,35,17,88.76309937075268,1
187,36,17,88.76309937075268,1
187,26,17,88.76309756938309,1
187,27,18,88.76309756938309,1
187,28,18,88.76309756938309,1
187,29,18,88.76309756938309,1
187,32,18,88.76309756938309,1
187,33,18,88.76309756938309,1
187,34,19,88.76309756938309,1
187,25,19,88.76308770383167,1
187,26,19,88.76308770383167,1
187,28,19,88.76308770383167,1
187,29,19,88.76308770383167,1
188,4,26,103.03216557396023,1
188,4,27,103.03216557396023,1
188,4,28,103.03216557396023,1
188,4,30,103.03216557396023,1
188,4,32,103.03216557396023,1
189,30,5,96.5513302334494,1
189,31,5,96.5513302334494,1
189,32,5,96.5513302334494,1
190,2,26,102.42856844660855,1
190,2,27,102.42856844660855,1
190,2,29,102.42856844660855,1
190,2,30,102.42856844660855,1
192,33,5,97.54756818078545,1
192,36,5,97.54756818078545,1
192,36,5,97.54752871857977,1
192,25,5,97.5471907329488,1
192,28,5,97.5471907329488,1
192,29,12,88.76066571485,1
192,30,12,88.76066571485,1
192,31,12,88.76066571485,1
192,32,12,88.76066571485,1
192,33,12,88.76066571485,1
192,34,13,88.76066571485,1
192,36,13,88.76066571485,1
192,30,13,88.75837540822144,1
192,33,13,88.75837540822144,1
192,34,13,88.75837540822144,1
192,11,14,88.74852890593631,3
192,9,14,88.74852057260298,2
192,9,15,88.74852057260298,1
192,6,15,88.74850807260299,4
192,7,16,88.7485039059363,4
192,8,16,88.7485039059363,1
192,8,17,88.7485039059363,3
192,10,17,88.7485039059363,2
192,10,18,88.7485039059363,2
192,4,18,88.3267415449504,3
192,4,19,88.3267415449504,2
192,3,19,88.32590580382147,1
192,27,19,88.19873050015728,2
193,26,1,97.32758383873025,1
193,27,1,97.32758383873025,1
197,26,1,96.90988127491477,1
197,27,1,96.90988127491477,1
198,3,25,103.28245557823972,1
198,3,26,103.28245557823972,1
198,28,4,95.85478621434876,1
198,29,4,95.85478621434876,1
198,30,4,95.85478621434876,1
199,25,28,98.87423802916682,1
199,25,29,98.87423802916682,1
199,25,30,98.87423802916682,1
199,25,31,98.87423802916682,1
199,25,32,98.87423802916682,1
199,26,33,98.87423802916682,1
199,26,34,98.87423802916682,1
199,26,35,98.87423802916682,1
199,26,36,98.87423802916682,1
199,32,26,98.87423813470095,1
199,32,27,98.87423813470095,1
199,32,29,98.87423813470095,1
199,32,30,98.87423813470095,1
199,32,31,98.87423813470095,1
199,36,32,98.87423813470095,1
199,36,35,98.87423813470095,1
200,12,36,100.50450559708224,1
200,13,26,100.50450640508342,1
200,14,28,100.50450640508342,1
200,15,29,100.50450640508342,1
200,16,30,100.50450640508342,1
200,17,32,100.50450640508342,1
200,18,33,100.50450640508342,1
200,19,34,100.50450640508342,1
200,25,35,98.87423896908567,1
200,26,25,98.87425395839026,1
200,27,26,98.87425395839026,1
200,27,28,98.87425395839026,1
200,27,29,98.87425395839026,1
200,27,30,98.87425395839026,1
200,27,31,98.87425395839026,1
200,28,32,98.87425395839026,1
200,28,34,98.87425395839026,1
200,28,35,98.87425395839026,1
200,28,36,98.87425395839026,1
200,28,31,98.87431391560858,1
200,33,32,98.87431391560858,1
200,34,33,98.87431391560858,1
200,34,36,98.87431391560858,1
200,34,25,98.8745537444819,1
200,34,26,98.8745537444819,1
200,34,27,98.8745537444819,1
200,35,28,98.8745537444819,1
200,35,30,98.8745537444819,1
200,35,31,98.8745537444819,1
200,35,33,98.8745537444819,1
200,35,34,98.8745537444819,1
201,27,3,93.69710034232286,1
201,29,3,93.69710034232286,1
201,30,3,93.69710034232286,1
201,31,3,93.69710034232286,1
201,33,3,93.69710034232286,1
201,34,5,96.34326874272617,1
201,35,5,96.34326874272617,1
201,31,5,96.34326872520549,1
201,33,5,96.34326872520549,1
201,35,5,96.34326872520549,1
201,25,36,98.87463264033126,1
201,25,33,98.87559195582452,1
201,25,34,98.87559195582452,1
201,25,35,98.87559195582452,1
201,25,36,98.87559195582452,1
201,27,34,98.87941698794855,1
201,27,25,98.88529061275392,1
201,27,28,98.88529061275392,1
201,27,29,98.88529061275392,1
201,27,30,98.88529061275392,1
201,29,31,98.88529061275392,1
201,29,33,98.88529061275392,1
201,29,34,98.88529061275392,1
201,29,36,98.88529061275392,1
201,29,11,98.88698312476738,1
201,30,11,98.88698312476738,1
201,30,9,98.88699145810071,2
201,30,6,98.88699979143405,2
201,34,7,98.8870039581007,2
201,34,8,98.8870039581007,2
201,34,10,98.8870039581007,1
201,35,10,98.8870039581007,1
201,35,21,98.91826330772088,2
201,35,22,98.91826330772088,2
201,36,23,98.91826330772088,2
201,36,24,98.91826330772088,2
201,36,20,98.92284850159129,1
202,12,11,101.74864132099808,1
202,13,11,101.74864132099808,1
202,14,9,101.7486496543314,1
202,15,9,101.7486496543314,1
202,16,6,101.74865798766473,1
202,17,6,101.74865798766473,1
202,18,7,101.74866215433141,1
202,19,7,101.74866215433141,1
202,25,8,98.9231741742386,2
202,25,10,98.9231741742386,2
202,26,20,98.93490246252614,1
202,26,21,98.93490246252614,2
202,26,22,98.93490246252614,1
202,27,22,98.93490246252614,1
202,27,23,98.93490246252614,2
202,27,24,98.93490246252614,1
202,28,24,98.93490246252614,1
202,28,20,98.93557910975932,2
202,28,21,98.93557910975932,1
202,29,21,98.93557910975932,1
202,29,22,98.93557910975932,2
202,29,23,98.93557910975932,1
202,31,23,98.93557910975932,1
202,31,24,98.93557910975932,2
202,31,20,98.93604876099374,1
202,33,20,98.93604876099374,1
202,33,21,98.93604876099374,2
202,33,22,98.93604876099374,1
202,34,22,98.93604876099374,1
202,34,23,98.93604876099374,2
202,34,24,98.93604876099374,1
202,36,24,98.93604876099374,1
202,36,20,98.93792736593147,2
202,36,21,98.93792736593147,1
203,11,4,96.24462256748939,3
203,9,4,96.24461423415605,1
203,25,11,98.93422969300825,2
203,25,9,98.93424635967492,2
203,26,6,98.93425885967491,2
203,26,7,98.93426302634158,1
203,26,8,98.93426302634158,1
203,28,10,98.93426302634158,1
203,28,21,98.94162087218803,1
203,28,22,98.94162087218803,2
203,29,23,98.94162087218803,2
203,29,24,98.94162087218803,2
203,32,20,98.9613453931234,2
203,32,21,98.9613453931234,2
203,36,22,98.9613453931234,2
203,36,23,98.9613453931234,2
204,11,1,96.27789385339796,2
204,11,3,95.8999400506533,1
204,9,3,95.89992338398665,3
204,6,3,95.89991088398665,1
204,6,5,97.95920555454157,3
204,7,5,97.95920138787488,2
204,26,11,98.95456230142796,2
204,26,9,98.95457896809461,2
204,27,6,98.95458730142795,2
204,27,7,98.95459563476129,2
204,29,8,98.95460396809462,1
204,29,10,98.95460396809462,1
204,29,24,98.96812431815219,2
204,30,34,99.0386223365692,1
204,30,35,99.0386223365692,2
204,30,36,99.0386223365692,1
204,31,36,99.0386223365692,1
205,3,4,101.83483079519421,1
205,11,12,89.45009950340463,3
205,9,12,89.45008283673796,2
205,9,13,89.45008283673796,1
205,6,13,89.45007450340464,4
205,7,14,89.4500661700713,4
205,8,14,89.45006200340462,1
205,8,15,89.45006200340462,3
205,10,15,89.45006200340462,2
205,10,16,89.45006200340462,2
205,31,16,89.34630612323188,3
205,32,17,89.34630612323188,4
205,33,17,89.34630612323188,1
205,33,18,89.34630612323188,3
205,34,18,89.34630612323188,2
205,34,19,89.34630612323188,2
205,36,19,89.07286267851231,1
205,28,19,89.07286260842966,1
205,29,19,89.07286260842966,1
205,27,11,99.4713848958124,1
205,28,11,99.4713848958124,1
205,29,9,99.47140156247906,1
205,30,9,99.47140156247906,1
205,33,6,99.4714098958124,1
205,34,6,99.4714098958124,1
205,35,7,99.47141822914573,1
206,25,11,99.18848118291451,2
206,25,9,99.18849784958118,1
206,26,9,99.18849784958118,1
206,26,6,99.18850201624784,2
206,31,7,99.18850618291452,2
206,31,8,99.18850618291452,1
206,32,8,99.18850618291452,1
206,32,10,99.18850618291452,2
207,5,4,104.27518461619381,1
207,5,3,104.34126430370554,1
207,27,11,99.52986774118403,1
207,29,11,99.52986774118403,1
207,30,9,99.52988440785072,1
207,32,9,99.52988440785072,1
207,33,6,99.52988857451737,1
207,36,6,99.52988857451737,1
208,5,7,100.13529318676399,1
208,5,8,100.13529318676399,1
208,5,10,100.13529318676399,1
208,5,3,100.26615130197848,1
208,5,4,100.266940772086,1
208,11,12,89.70770088216334,3
208,9,12,89.70768421549667,1
208,9,13,89.70768421549667,3
208,6,13,89.70768004883001,1
208,6,14,89.70768004883001,3
208,7,14,89.70768004883001,1
208,7,15,89.70768004883001,3
208,8,15,89.70768004883001,1
208,8,16,89.70768004883001,3
208,10,16,89.70768004883001,1
208,10,17,89.70768004883001,3
208,33,17,89.64289328779391,1
208,33,18,89.64289328779391,2
208,34,18,89.64289328779391,2
208,34,19,89.64289328779391,1
208,35,19,89.64289328779391,3
208,25,11,99.52989482451737,1
208,26,11,99.52989482451737,1
208,27,9,99.52991149118404,1
208,28,6,99.5299156578507,1
208,31,7,99.5299156578507,1
208,32,8,99.5299156578507,1
208,34,10,99.5299156578507,1
210,11,2,97.03645024527933,2
212,25,1,95.37105292095089,1
212,26,1,95.37105292095089,1
212,27,1,95.37105292095089,1
212,28,1,95.37105292095089,1
213,29,2,94.71059987438863,1
213,30,2,94.71059987438863,1
213,32,2,94.71059987438863,1
213,34,2,94.71059987438863,1
213,35,12,99.54497714735012,1
213,11,13,99.53310381388188,1
213,11,14,99.53310381388188,1
213,11,15,99.53310381388188,1
213,9,16,99.53308714721521,1
213,9,17,99.53308714721521,1
213,9,18,99.53308714721521,1
213,6,19,99.53308298054856,1
216,4,25,101.90752594182469,1
216,4,26,101.90752594182469,1
216,4,28,101.90752594182469,1
217,1,30,103.27962558175228,1
217,1,31,103.27962558175228,1
217,25,12,89.90976958357942,1
217,26,12,89.90976958357942,1
217,29,12,89.90976958357942,1
217,30,12,89.90976958357942,1
217,31,13,89.90976958357942,1
217,33,13,89.90976958357942,1
217,35,13,89.90976958357942,1
217,36,13,89.90976958357942,1
217,25,14,89.90918417995361,1
217,29,14,89.90918417995361,1
217,30,14,89.90918417995361,1
217,31,14,89.90918417995361,1
217,32,15,89.90918417995361,1
217,33,15,89.90918417995361,1
217,34,15,89.90918417995361,1
217,36,15,89.90918417995361,1
217,25,16,89.90684256545039,1
217,26,16,89.90684256545039,1
217,27,16,89.90684256545039,1
217,28,16,89.90684256545039,1
217,29,17,89.90684256545039,1
217,30,17,89.90684256545039,1
217,34,17,89.90684256545039,1
217,35,17,89.90684256545039,1
217,11,18,89.89737276204696,3
217,9,18,89.89735609538027,1
217,9,19,89.89735609538027,2
217,6,19,89.89734359538028,2
220,4,26,103.63224129621182,1
220,4,27,103.63224129621182,1
221,29,5,94.83150165865047,1
221,31,5,94.83150165865047,1
221,32,5,94.83150165865047,1
222,5,26,102.31564618914359,1
222,5,27,102.31564618914359,1
222,5,28,102.31564618914359,1
222,5,29,102.31564618914359,1
224,25,4,99.55719458272202,1
224,26,4,99.55719458272202,1
224,27,4,99.55719458272202,1
225,3,26,101.78094770765718,1
225,3,27,101.78094770765718,1
225,3,29,101.78094770765718,1
225,3,30,101.78094770765718,1
225,3,32,101.78094770765718,1
225,5,33,103.02639689441395,1
225,28,12,89.66407707724116,1
225,29,12,89.66407707724116,1
225,30,12,89.66407707724116,1
225,31,12,89.66407707724116,1
225,32,12,89.66407707724116,1
225,33,13,89.66407707724116,1
225,34,13,89.66407707724116,1
225,35,13,89.66407707724116,1
225,25,13,89.66407677951409,1
225,28,13,89.66407677951409,1
225,29,14,89.66407677951409,1
225,31,14,89.66407677951409,1
225,33,14,89.66407677951409,1
225,35,14,89.66407677951409,1
225,36,14,89.66407677951409,1
225,33,15,89.66407469655235,1
225,35,15,89.66407469655235,1
225,36,15,89.66407469655235,1
225,26,15,89.66403810882574,1
225,27,15,89.66403810882574,1
225,29,16,89.66403810882574,1
225,30,16,89.66403810882574,1
225,31,16,89.66403810882574,1
225,32,16,89.66403810882574,1
225,35,16,89.66403810882574,1
225,9,17,89.6515687811237,3
225,11,17,89.6515687811237,2
225,6,18,89.65155211445703,3
225,7,18,89.65153961445702,2
225,7,19,89.65153961445702,1
225,8,19,89.65153961445702,3
225,10,19,89.65153961445702,1
226,25,4,95.57644103796304,1
231,2,25,102.0226730017631,1
231,2,26,102.0226730017631,1
231,2,27,102.0226730017631,1
231,2,28,102.0226730017631,1
231,2,29,102.0226730017631,1
234,25,12,89.66407711471138,1
234,27,12,89.66407711471138,1
234,28,12,89.66407711471138,1
234,30,12,89.66407711471138,1
234,31,12,89.66407711471138,1
234,33,13,89.66407711471138,1
234,26,13,89.66407711469736,1
234,27,13,89.66407711469736,1
234,29,13,89.66407711469736,1
234,30,13,89.66407711469736,1
234,31,14,89.66407711469736,1
234,32,14,89.66407711469736,1
234,33,14,89.66407711469736,1
234,35,14,89.66407711469736,1
234,36,14,89.66407711469736,1
234,27,15,89.66407711464133,1
234,28,15,89.66407711464133,1
234,29,15,89.66407711464133,1
234,30,15,89.66407711464133,1
234,31,15,89.66407711464133,1
234,32,16,89.66407711464133,1
234,34,16,89.66407711464133,1
234,35,16,89.66407711464133,1
234,36,16,89.66407711464133,1
234,9,16,89.65157294804646,1
234,9,17,89.65157294804646,1
234,6,17,89.65156461471312,3
234,11,17,89.65156044804647,1
234,11,18,89.65156044804647,1
234,7,18,89.65155211471313,3
234,8,18,89.65155211471313,1
234,8,19,89.65155211471313,2
234,10,19,89.6515437813798,3
235,12,6,107.98012064495671,3
235,12,7,107.98013314495671,1
235,13,7,107.98013314495671,1
235,13,8,107.98013314495671,2
235,13,9,107.98013314495671,1
235,14,9,107.98013314495671,2
235,14,10,107.98014147829005,2
235,15,11,107.9801456449567,3
235,15,25,107.9858517602617,1
235,16,26,107.9858517602617,1
235,16,27,107.9858517602617,1
235,16,30,107.9858517602617,1
235,16,32,107.9858517602617,1
235,17,33,107.9858517602617,1
235,17,34,107.9858517602617,1
235,17,35,107.9858517602617,1
235,17,36,107.9858517602617,1
235,18,25,107.98585176026411,1
235,18,27,107.98585176026411,1
235,18,28,107.98585176026411,1
235,18,29,107.98585176026411,1
235,19,31,107.98585176026411,1
235,19,33,107.98585176026411,1
235,19,34,107.98585176026411,1
235,19,35,107.98585176026411,1
236,1,36,101.02917622643285,1
236,1,30,101.0291762264425,1
236,1,31,101.0291762264425,1
236,1,32,101.0291762264425,1
236,26,2,98.4113232720235,1
236,27,2,98.4113232720235,1
236,28,2,98.4113232720235,1
236,30,2,98.4113232720235,1
237,5,33,102.62718927222099,1
237,5,34,102.62718927222099,1
237,5,36,102.62718927222099,1
238,26,5,99.23634402475346,1
242,25,5,96.38563182836745,1
242,26,5,96.38563182836745,1
242,29,5,96.38563182836745,1
244,25,2,97.9490426789475,1
244,4,26,101.8340343784196,1
244,4,27,101.8340343784196,1
244,4,28,101.8340343784196,1
244,12,29,108.99709295018752,1
244,12,30,108.99709295018752,1
244,12,31,108.99709295018752,1
244,12,32,108.99709295018752,1
244,13,33,108.99709295018752,1
244,13,34,108.99709295018752,1
244,13,25,108.99709295062226,1
244,13,27,108.99709295062226,1
244,14,28,108.99709295062226,1
244,14,29,108.99709295062226,1
244,14,32,108.99709295062226,1
244,14,33,108.99709295062226,1
244,15,34,108.99709295062226,1
244,15,35,108.99709295062226,1
244,15,36,108.99709295062226,1
244,15,27,108.99709295236124,1
244,16,29,108.99709295236124,1
244,16,30,108.99709295236124,1
244,16,31,108.99709295236124,1
244,16,33,108.99709295236124,1
244,17,34,108.99709295236124,1
244,17,35,108.99709295236124,1
244,17,36,108.99709295236124,1
244,17,25,108.9970929593172,1
244,18,27,108.9970929593172,1
244,18,29,108.9970929593172,1
244,18,30,108.9970929593172,1
244,18,31,108.9970929593172,1
244,19,33,108.9970929593172,1
244,19,36,108.9970929593172,1
244,19,36,108.99709298714102,1
244,19,26,108.99709313572264,1
245,25,2,97.00402705569827,1
245,26,2,97.00402705569827,1
245,27,2,97.00402705569827,1
245,28,2,97.00402705569827,1
245,30,2,97.00402705569827,1
247,1,25,103.03198540302091,1
247,1,26,103.03198540302091,1
247,1,27,103.03198540302091,1
247,1,28,103.03198540302091,1
247,1,29,103.03198540302091,1
249,26,25,99.41904451419867,1
249,27,25,99.41904451419867,1
249,29,25,99.41904451419867,1
249,30,25,99.41904451419867,1
249,31,26,99.41904451419867,1
249,32,26,99.41904451419867,1
249,34,26,99.41904451419867,1
249,35,26,99.41904451419867,1
249,36,28,99.41904451419867,1
249,25,28,99.41904450763946,1
249,26,28,99.41904450763946,1
249,27,28,99.41904450763946,1
249,28,31,99.41904450763946,1
249,29,31,99.41904450763946,1
249,30,31,99.41904450763946,1
249,32,31,99.41904450763946,1
249,33,32,99.41904450763946,1
249,34,32,99.41904450763946,1
249,35,32,99.41904450763946,1
249,36,32,99.41904450763946,1
249,31,33,99.4190444814026,1
249,35,33,99.4190444814026,1
249,26,33,99.41904437708331,1
249,28,33,99.41904437708331,1
249,29,34,99.41904437708331,1
249,30,34,99.41904437708331,1
249,32,34,99.41904437708331,1
249,35,34,99.41904437708331,1
249,25,35,99.41904395980617,1
249,26,35,99.41904395980617,1
249,30,35,99.41904395980617,1
249,32,35,99.41904395980617,1
249,33,36,99.41904395980617,1
249,34,36,99.41904395980617,1
249,35,36,99.41904395980617,1
249,31,36,99.4190422906976,1
250,3,30,103.41727412923277,1
250,3,31,103.41727412923277,1
250,3,33,103.41727412923277,1
250,3,34,103.41727412923277,1
250,32,25,99.41904173482234,1
250,33,25,99.41904173482234,1
250,35,25,99.41904173482234,1
250,36,25,99.41904173482234,1
250,27,26,99.41903505838809,1
250,28,26,99.41903505838809,1
250,29,26,99.41903505838809,1
250,30,26,99.41903505838809,1
250,33,27,99.41903505838809,1
250,25,27,99.41900835265103,1
250,28,27,99.41900835265103,1
250,29,27,99.41900835265103,1
250,31,28,99.41900835265103,1
250,32,28,99.41900835265103,1
250,35,28,99.41900835265103,1
250,25,28,99.41890152970285,1
250,27,29,99.41890152970285,1
250,28,29,99.41890152970285,1
250,30,29,99.41890152970285,1
250,31,29,99.41890152970285,1
250,33,32,99.41890152970285,1
250,34,32,99.41890152970285,1
250,35,32,99.41890152970285,1
250,36,32,99.41890152970285,1
250,27,33,99.41847423791008,1
250,28,33,99.41847423791008,1
250,29,33,99.41847423791008,1
250,31,33,99.41847423791008,1
250,35,34,99.41847423791008,1
250,36,34,99.41847423791008,1
250,25,34,99.41676507084769,1
250,26,34,99.41676507084769,1
250,27,35,99.41676507084769,1
250,28,35,99.41676507084769,1
250,29,35,99.41676507084769,1
250,30,35,99.41676507084769,1
250,32,36,99.41676507084769,1
250,33,36,99.41676507084769,1
250,34,36,99.41676507084769,1
250,35,36,99.41676507084769,1
251,2,35,103.86322389040826,1
251,36,25,99.41619590485402,1
251,31,25,99.40935923661414,1
251,33,25,99.40935923661414,1
251,35,25,99.40935923661414,1
251,36,26,99.40935923661414,1
251,9,26,99.40483534993496,3
251,6,27,99.40482284993496,3
251,11,27,99.40482284993496,1
251,11,28,99.40482284993496,1
251,7,28,99.40481451660162,3
251,8,29,99.40481451660162,3
251,10,29,99.40480618326828,1
251,10,30,99.40480618326828,2
251,35,30,99.38201256365699,1
251,20,30,99.36866178903324,1
251,20,31,99.36866178903324,1
251,21,31,99.36866178903324,2
251,22,31,99.36866178903324,1
251,22,32,99.36866178903324,1
251,23,32,99.36866178903324,2
251,24,32,99.36866178903324,1
251,24,34,99.36866178903324,1
251,20,34,99.36866149216715,2
251,21,34,99.36866149216715,1
251,21,35,99.36866149216715,1
251,22,35,99.36866149216715,2
251,23,35,99.36866149216715,1
252,5,36,101.41175041924011,1
252,5,25,101.4117504562215,1
252,5,26,101.4117504562215,1
252,6,25,99.3691845404198,3
252,7,27,99.36917620708647,3
252,8,28,99.36917620708647,3
252,9,29,99.3691720404198,2
252,10,29,99.36916787375313,1
252,10,31,99.36916787375313,2
252,11,31,99.36916370708647,1
252,11,32,99.36916370708647,1
252,23,32,99.35677788899542,1
252,24,32,99.35677788899542,1
252,24,35,99.35677788899542,1
252,20,35,99.35677783340344,2
252,21,36,99.35677783340344,2
252,22,36,99.35677783340344,1
253,7,12,92.07617317092567,2
253,8,12,92.07617317092567,1
253,8,13,92.07617317092567,1
253,10,13,92.07617317092567,2
253,10,14,92.07617317092567,1
253,6,14,92.07616483759233,2
253,9,15,92.076156504259,2
253,11,15,92.07614817092568,1
253,11,16,92.07614817092568,1
253,22,16,92.06997398408416,1
253,23,16,92.06997398408416,1
253,23,17,92.06997398408416,1
253,24,17,92.06997398408416,2
253,20,18,92.06997397018617,2
253,21,18,92.06997397018617,1
253,21,19,92.06997397018617,1
253,22,19,92.06997397018617,2
253,23,25,99.35367614275137,2
253,24,25,99.35367614275137,1
253,24,26,99.35367614275137,1
253,20,26,99.35367613927687,2
253,21,29,99.35367613927687,2
253,22,29,99.35367613927687,1
253,22,30,99.35367613927687,1
253,23,30,99.35367613927687,2
253,24,32,99.35367613927687,2
253,20,32,99.35367613840825,1
253,20,33,99.35367613840825,1
253,21,33,99.35367613840825,2
253,22,35,99.35367613840825,2
253,23,35,99.35367613840825,1
254,1,7,102.38950936028903,2
254,7,26,99.35522593967889,2
254,10,26,99.35522177301223,1
254,10,27,99.35522177301223,1
254,8,27,99.35521760634556,2
254,6,28,99.35520927301224,2
254,9,28,99.3552009396789,1
254,9,29,99.3552009396789,1
254,11,29,99.35519260634555,2
254,23,30,99.35212633713759,1
254,24,30,99.35212633713759,2
254,20,31,99.35212633692043,2
254,21,31,99.35212633692043,1
254,21,33,99.35212633692043,1
254,22,33,99.35212633692043,2
255,7,25,99.35289290427671,2
255,10,25,99.35288873761004,1
255,10,26,99.35288873761004,1
255,8,26,99.35288457094339,2
255,6,27,99.35287623761005,2
255,9,27,99.3528679042767,1
255,9,28,99.3528679042767,1
255,11,28,99.35285957094338,1
255,23,28,99.35135143623081,1
255,23,30,99.35135143623081,1
255,24,30,99.35135143623081,2
255,20,31,99.35135143621152,2
255,21,31,99.35135143621152,1
255,21,32,99.35135143621152,1
255,22,32,99.35135143621152,2
255,23,34,99.35135143621152,2
255,24,34,99.35135143621152,1
255,24,35,99.35135143621152,1
255,20,35,99.3513514362067,2
255,21,36,99.3513514362067,2
255,22,36,99.3513514362067,1
256,22,3,95.0968268439515,1
256,7,25,99.35172846989087,2
256,10,25,99.3517243032242,1
256,10,27,99.3517243032242,1
256,8,27,99.35172013655753,2
256,6,29,99.35171180322419,2
256,9,29,99.35170346989086,1
256,11,31,99.3516993032242,1
256,23,31,99.35096606918918,2
256,24,32,99.35096606918918,2
256,20,32,99.35096606918701,1
256,20,34,99.35096606918701,1
256,21,34,99.35096606918701,2
256,22,35,99.35096606918701,2
256,23,35,99.35096606918701,1
256,23,36,99.35096606918701,1
256,24,36,99.35096606918701,2
257,7,25,99.35114833600865,2
257,10,25,99.35114416934198,1
257,10,26,99.35114416934198,1
257,8,26,99.35114000267532,2
257,6,27,99.35113166934198,1
257,9,27,99.35112750267533,1
257,11,27,99.35112333600864,1
257,20,28,99.35077546897605,2
257,21,28,99.35077546897605,1
257,21,29,99.35077546897605,1
257,22,29,99.35077546897605,2
257,23,30,99.35077546897605,2
257,24,30,99.35077546897605,1
257,24,31,99.35077546897605,1
257,20,31,99.35077546886409,2
257,21,32,99.35077546886409,2
257,22,32,99.35077546886409,1
257,22,33,99.35077546886409,1
257,23,33,99.35077546886409,2
257,24,34,99.35077546886409,2
257,20,34,99.35077539436594,1
257,20,35,99.35077539436594,1
257,21,35,99.35077539436594,2
258,2,7,102.70580228898889,1
258,7,25,99.35086446310996,2
258,10,25,99.35085612977663,1
258,10,26,99.35085612977663,1
258,8,26,99.35085196310996,1
258,6,26,99.3508477964433,1
258,9,27,99.35084362977662,1
258,11,27,99.35083946310996,1
258,22,27,99.35068215895527,1
258,22,28,99.35068215895527,1
258,23,28,99.35068215895527,2
258,24,30,99.35068215895527,2
258,20,30,99.35039765734112,1
258,20,31,99.35039765734112,1
258,21,31,99.35039765734112,2
258,22,32,99.35039765734112,2
258,23,32,99.35039765734112,1
258,23,33,99.35039765734112,1
258,24,33,99.35039765734112,2
258,20,34,99.34954392833916,2
258,21,34,99.34954392833916,1
259,2,7,100.60841734331463,2
259,5,7,101.6235324178426,1
259,5,10,101.62354075117592,4
259,7,25,99.34987822869853,2
259,10,25,99.34987406203186,1
259,10,26,99.34987406203186,1
259,8,26,99.3498573953652,1
259,6,26,99.34985322869852,1
259,9,27,99.34984906203186,1
259,11,27,99.3498448953652,1
259,21,27,99.34921379464646,1
259,22,29,99.34921379464646,2
259,23,29,99.34921379464646,1
259,23,30,99.34921379464646,1
259,24,30,99.34921379464646,2
259,20,31,99.34579887885582,2
259,21,31,99.34579887885582,1
259,21,32,99.34579887885582,1
259,22,32,99.34579887885582,2
259,23,33,99.34579887885582,2
259,24,33,99.34579887885582,1
260,24,5,97.56798269336645,1
260,20,5,97.55432303022314,2
260,21,5,97.55432303022314,2
260,7,25,99.34681038298316,2
260,10,25,99.3468062163165,1
260,10,26,99.3468062163165,1
260,8,26,99.34679371631648,1
260,6,26,99.34678954964983,1
260,9,27,99.34678538298316,1
260,11,27,99.34678121631649,1
260,22,27,99.33111937825184,1
260,22,28,99.33111937825184,1
260,23,28,99.33111937825184,2
260,24,29,99.33111937825184,2
261,7,26,98.94521239013136,1
261,10,27,98.9452082234647,1
261,8,28,98.94519989013136,1
261,6,30,98.94519572346469,1
261,9,32,98.94519155679802,1
261,11,33,98.94518739013137,1
262,4,5,94.53858458882853,2
262,30,5,94.42434995972508,1
262,7,28,98.8448108085851,1
262,10,29,98.84480664191841,1
262,8,30,98.84479830858508,1
262,6,31,98.84479414191841,1
262,9,33,98.84478997525176,1
262,11,34,98.84478580858509,1
263,4,35,103.66792767588309,1
263,4,7,103.70095760651412,3
263,25,7,98.75912714970426,1
263,26,7,98.75912714970426,1
263,27,7,98.75912714970426,1
263,28,7,98.75912714970426,1
263,30,10,98.75914381637092,1
263,31,10,98.75914381637092,1
263,32,10,98.75914381637092,1
263,36,10,98.75914381637092,1
264,25,7,98.75912923303758,1
264,28,7,98.75912923303758,1
264,29,7,98.75912923303758,1
264,30,10,98.75914589970425,1
264,32,10,98.75914589970425,1
264,33,10,98.75914589970425,1
264,34,10,98.75914589970425,1
264,36,8,98.75917089970426,1
265,1,8,99.30728216712619,3
265,1,6,99.30728633379286,2
265,25,7,98.7591479830376,1
265,26,7,98.7591479830376,1
265,28,7,98.7591479830376,1
265,29,10,98.75916048303759,1
265,30,10,98.75916048303759,1
265,32,10,98.75916048303759,1
265,34,8,98.75918548303758,1
265,35,8,98.75918548303758,1
266,12,7,101.45570880782043,1
266,13,7,101.45570880782043,1
266,14,7,101.45570880782043,1
266,15,10,101.45572130782043,1
266,16,10,101.45572130782043,1
266,17,10,101.45572130782043,1
266,18,8,101.45575047448709,1
266,19,8,101.45575047448709,1
266,25,8,98.75920527470424,1
266,26,8,98.75920527470424,1
266,29,6,98.75922610803758,1
266,30,6,98.75922610803758,1
266,31,6,98.75922610803758,1
266,32,6,98.75922610803758,1
266,33,9,98.75923860803758,1
266,34,9,98.75923860803758,1
266,35,9,98.75923860803758,1
266,36,9,98.75923860803758,1
267,12,10,108.61585600233472,3
267,12,7,108.61586850233472,2
267,13,8,108.61588100233472,3
267,13,6,108.61590183566805,2
267,14,6,108.61590183566805,2
267,14,9,108.61591433566805,3
267,15,9,108.61591433566805,1
267,15,11,108.61593516900139,4
267,16,34,108.69010042702857,1
267,16,36,108.69010042702857,1
267,16,29,108.82396364686805,1
267,16,30,108.82396364686805,2
267,17,30,108.82396364686805,1
267,17,31,108.82396364686805,3
267,17,32,108.82396364686805,1
267,18,32,108.82396364686805,2
267,18,33,108.82396364686805,3
267,19,34,108.82396364686805,3
267,19,35,108.82396364686805,2
268,3,35,99.53064791525952,1
268,3,36,99.53064791525952,3
268,8,25,98.91196572485119,1
268,8,26,98.91196572485119,1
268,10,27,98.91196572485119,1
268,10,28,98.91196572485119,1
268,10,30,98.91196572485119,1
268,7,31,98.91195739151786,1
268,7,33,98.91195739151786,1
268,7,35,98.91195739151786,1
268,6,36,98.91194905818452,1
269,6,1,98.65264857000747,1
269,9,1,98.65263607000747,1
269,2,8,101.43169748812605,3
269,2,10,101.43169748812605,1
269,10,26,98.91196155818452,1
269,10,27,98.91196155818452,1
269,10,28,98.91196155818452,1
269,7,30,98.91195739151786,1
269,7,31,98.91195739151786,1
269,7,33,98.91195739151786,1
269,8,36,98.91195739151786,1
270,4,10,100.079304323699,2
270,4,7,100.07930849036568,1
270,7,25,98.91196259985118,1
270,7,26,98.91196259985118,1
270,7,29,98.91196259985118,1
270,10,30,98.91196259985118,1
270,10,31,98.91196259985118,1
270,10,32,98.91196259985118,1
270,8,33,98.91195009985118,1
270,8,34,98.91195009985118,1
270,6,36,98.91192509985117,1
271,4,7,99.42161490277101,1
271,5,7,101.24742933967244,2
271,5,10,101.24742933967244,3
271,7,12,89.05804506481383,3
271,10,12,89.05804506481383,2
271,10,13,89.05804506481383,1
271,8,13,89.05802423148049,2
271,6,13,89.05800339814715,2
271,9,14,89.0579992314805,1
271,11,14,89.05798256481381,1
271,25,14,88.96847008148956,1
271,26,14,88.96847008148956,1
271,27,14,88.96847008148956,1
271,28,15,88.96847008148956,1
271,29,15,88.96847008148956,1
271,30,15,88.96847008148956,1
271,31,15,88.96847008148956,1
271,34,15,88.96847008148956,1
271,35,16,88.96847008148956,1
271,31,16,88.8986087838708,1
271,32,16,88.8986087838708,1
271,33,16,88.8986087838708,1
271,34,16,88.8986087838708,1
271,35,17,88.8986087838708,1
271,25,17,88.8986083980061,1
271,26,17,88.8986083980061,1
271,27,17,88.8986083980061,1
271,28,17,88.8986083980061,1
271,29,18,88.8986083980061,1
271,30,18,88.8986083980061,1
271,31,18,88.8986083980061,1
271,32,18,88.8986083980061,1
271,34,18,88.8986083980061,1
271,36,19,88.8986083980061,1
271,28,19,88.89860604654612,1
271,29,19,88.89860604654612,1
271,30,19,88.89860604654612,1
271,32,19,88.89860604654612,1
272,34,3,95.63414901656813,1
272,35,3,95.63414901656813,1
272,36,3,95.63414901656813,1
272,5,3,95.47222507364589,1
272,4,3,95.46459037432257,1
273,1,7,102.4997894673277,3
273,1,10,102.4997894673277,1
274,25,1,96.57093306488088,1
274,26,1,96.57093306488088,1
274,27,1,96.57093306488088,1
274,28,1,96.57093306488088,1
274,29,1,96.57093306488088,1
276,4,25,100.01631106251193,1
276,4,26,100.01631106251193,1
276,4,27,100.01631106251193,1
276,4,28,100.01631106251193,1
276,27,5,97.70650227128985,1
276,28,5,97.70650227128985,1
276,31,5,97.70650227128985,1
276,12,29,100.8949750124261,1
276,13,30,100.8949750124261,1
276,14,31,100.8949750124261,1
276,15,32,100.8949750124261,1
276,16,33,100.8949750124261,1
276,17,34,100.8949750124261,1
276,18,36,100.8949750124261,1
276,19,7,100.90583305922107,1
278,25,3,94.61684958286,1
278,26,3,94.61684958286,1
278,28,3,94.61684958286,1
278,29,3,94.61684958286,1
278,5,25,101.64856491218214,1
281,25,5,95.08787371591364,1
281,27,5,95.08787371591364,1
281,29,5,95.08787371591364,1
281,31,5,95.08787371591364,1
281,12,26,104.679100081967,1
281,12,27,104.679100081967,1
281,13,28,104.679100081967,1
281,13,29,104.679100081967,1
281,14,31,104.679100081967,1
281,14,32,104.679100081967,1
281,15,34,104.679100081967,1
281,15,35,104.679100081967,1
281,16,36,104.679100081967,1
281,16,26,104.67919649489272,1
281,17,27,104.67919649489272,1
281,17,28,104.67919649489272,1
281,18,30,104.67919649489272,1
281,18,31,104.67919649489272,1
281,19,32,104.67919649489272,1
281,19,33,104.67919649489272,1
285,25,1,94.98679113550844,1
285,5,25,102.68055336554235,1
285,5,26,102.68055336554235,1
285,5,28,102.68055336554235,1
285,5,29,102.68055336554235,1
287,26,2,98.43287778616082,1
287,28,2,98.43287778616082,1
287,29,2,98.43287778616082,1
287,30,2,98.43287778616082,1
289,25,2,95.09306593646397,1
289,26,2,95.09306593646397,1
289,27,2,95.09306593646397,1
291,25,5,94.27490778697813,1
293,5,25,100.46869709308115,1
293,5,26,100.46869709308115,1
293,12,29,98.93417578035199,1
293,13,31,98.93417578035199,1
293,14,32,98.93417578035199,1
293,15,33,98.93417578035199,1
293,16,34,98.93417578035199,1
293,17,35,98.93417578035199,1
293,18,36,98.93417578035199,1
293,19,25,98.93417578078238,1
295,25,3,95.65605755523919,1
295,26,3,95.65605755523919,1
295,27,3,95.65605755523919,1
295,29,3,95.65605755523919,1
295,30,12,88.9163289150439,1
295,31,12,88.9163289150439,1
295,32,12,88.9163289150439,1
295,33,12,88.9163289150439,1
295,34,12,88.9163289150439,1
295,35,13,88.9163289150439,1
295,36,13,88.9163289150439,1
295,25,13,88.91632891497406,1
295,26,13,88.91632891497406,1
295,28,13,88.91632891497406,1
295,29,14,88.91632891497406,1
295,30,14,88.91632891497406,1
295,31,14,88.91632891497406,1
295,32,14,88.91632891497406,1
295,35,14,88.91632891497406,1
295,26,15,88.91632891469462,1
295,27,15,88.91632891469462,1
295,28,15,88.91632891469462,1
295,29,15,88.91632891469462,1
295,30,15,88.91632891469462,1
295,31,16,88.91632891469462,1
295,33,16,88.91632891469462,1
295,36,16,88.91632891469462,1
295,28,16,88.91632891142493,1
295,30,16,88.91632891142493,1
295,31,17,88.91632891142493,1
295,33,17,88.91632891142493,1
295,34,17,88.91632891142493,1
295,35,17,88.91632891142493,1
295,36,17,88.91632891142493,1
295,25,18,88.91632889834614,1
295,26,18,88.91632889834614,1
295,28,18,88.91632889834614,1
295,29,18,88.91632889834614,1
295,30,18,88.91632889834614,1
295,34,19,88.91632889834614,1
295,36,19,88.91632889834614,1
295,31,19,88.916328846031,1
295,32,19,88.916328846031,1
295,33,19,88.916328846031,1
297,1,25,99.36696497398572,1
297,1,26,99.36696497398572,1
297,1,29,99.36696497398572,1
297,1,30,99.36696497398572,1
297,1,31,99.36696497398572,1
297,25,2,94.56887375639087,1
297,26,2,94.56887375639087,1
297,27,2,94.56887375639087,1
297,28,2,94.56887375639087,1
297,29,2,94.56887375639087,1
299,1,32,102.09106654238886,1
299,25,2,97.05735243534443,1
299,27,2,97.05735243534443,1
299,28,2,97.05735243534443,1
299,29,2,97.05735243534443,1
299,30,25,98.5113353983215,1
299,31,25,98.5113353983215,1
299,33,25,98.5113353983215,1
299,34,25,98.5113353983215,1
299,35,25,98.5113353983215,1
299,36,28,98.5113353983215,1
299,29,28,98.51133539508541,1
299,30,28,98.51133539508541,1
299,31,28,98.51133539508541,1
299,32,28,98.51133539508541,1
299,33,29,98.51133539508541,1
299,34,29,98.51133539508541,1
299,35,29,98.51133539508541,1
299,36,29,98.51133539508541,1
299,30,29,98.51133538214103,1
299,31,30,98.51133538214103,1
299,32,30,98.51133538214103,1
299,33,30,98.51133538214103,1
299,34,30,98.51133538214103,1
299,35,30,98.51133538214103,1
299,35,34,98.51133533036348,1
299,36,34,98.51133533036348,1
299,25,34,98.51133474335373,1
299,26,34,98.51133474335373,1
299,27,34,98.51133474335373,1
299,28,35,98.51133474335373,1
299,32,35,98.51133474335373,1
299,34,35,98.51133474335373,1
299,36,35,98.51133474335373,1
299,32,35,98.51133239531478,1
299,34,36,98.51133239531478,1
299,35,36,98.51133239531478,1
299,30,36,98.51130228392799,1
299,31,36,98.51130228392799,1
299,33,36,98.51130228392799,1
300,34,1,97.21600599323264,1
300,35,1,97.21600599323264,1
300,36,1,97.21600599323264,1
300,33,1,97.21540348305685,1
300,34,1,97.21540348305685,1
300,12,33,102.12233401963408,1
300,13,34,102.12233401963408,1
300,14,35,102.12233401963408,1
300,15,36,102.12233401963408,1
300,16,26,102.12233401971986,1
300,17,27,102.12233401971986,1
300,18,28,102.12233401971986,1
300,19,33,102.12233401971986,1
300,35,26,98.51069149515382,1
300,35,26,98.50631295327372,1
300,36,26,98.50631295327372,1
300,25,26,98.50047073076695,1
300,27,26,98.50047073076695,1
300,28,27,98.50047073076695,1
300,29,27,98.50047073076695,1
300,30,27,98.50047073076695,1
300,31,27,98.50047073076695,1
300,32,27,98.50047073076695,1
300,34,28,98.50047073076695,1
300,35,28,98.50047073076695,1
300,7,28,98.49880639640679,3
300,10,29,98.49880222974011,2
300,8,29,98.49878139640678,2
300,6,29,98.49876056307346,1
300,9,30,98.49876056307346,1
300,11,30,98.49874389640678,1
300,4,30,98.2555050990536,3
300,1,31,98.2463203379168,3
300,5,31,98.22947768814439,2
300,5,32,98.22947768814439,2
301,4,32,100.25036292893398,1
301,5,32,101.93246387778524,2
301,7,12,88.32055007142165,2
301,10,12,88.32054173808831,2
301,8,12,88.32052090475497,1
301,8,13,88.32052090475497,1
301,6,13,88.32050423808832,1
301,9,13,88.32050423808832,1
301,11,13,88.32048757142164,1
301,4,13,88.29361312828189,1
301,1,14,88.11444618164666,3
301,27,14,88.00851212926187,2
301,27,15,88.00851212926187,5
301,27,16,88.00851212926187,5
301,27,17,88.00851212926187,5
301,27,18,88.00851212926187,5
301,27,19,88.00851212926187,1
301,29,19,88.00851212926187,4
302,29,5,95.9672106813656,1
303,5,25,101.80571177587206,1
303,5,26,101.80571177587206,1
303,5,27,101.80571177587206,1
304,5,25,100.34256848239338,1
304,5,26,100.34256848239338,1
304,5,27,100.34256848239338,1
304,5,28,100.34256848239338,1
304,5,29,100.34256848239338,1
305,7,2,93.71739455265478,2
306,25,1,95.3208393481581,1
306,26,1,95.3208393481581,1
306,27,1,95.3208393481581,1
306,28,1,95.3208393481581,1
307,25,2,97.18689211768455,1
307,26,2,97.18689211768455,1
307,27,2,97.18689211768455,1
308,4,25,100.72968554978786,1
308,4,26,100.72968554978786,1
309,12,27,103.90653583815839,1
309,12,29,103.90653583815839,1
309,12,31,103.90653583815839,1
309,13,32,103.90653583815839,1
309,13,33,103.90653583815839,1
309,13,34,103.90653583815839,1
309,14,35,103.90653583815839,1
309,14,36,103.90653583815839,1
309,14,25,103.90711077805821,1
309,15,26,103.90711077805821,1
309,15,27,103.90711077805821,1
309,15,28,103.90711077805821,1
309,16,30,103.90711077805821,1
309,16,31,103.90711077805821,1
309,16,32,103.90711077805821,1
309,17,33,103.90711077805821,1
309,17,34,103.90711077805821,1
309,17,36,103.90711077805821,1
309,18,30,103.91148039448305,1
309,18,31,103.91148039448305,1
309,18,32,103.91148039448305,1
309,19,33,103.91148039448305,1
309,19,34,103.91148039448305,1
309,19,35,103.91148039448305,1
311,3,25,98.78608008313637,1
311,3,27,98.78608008313637,1
311,3,28,98.78608008313637,1
311,3,29,98.78608008313637,1
311,3,30,98.78608008313637,1
312,12,25,107.42438515519359,1
312,12,26,107.42438515519359,1
312,12,27,107.42438515519359,1
312,12,30,107.42438515519359,1
312,12,31,107.42438515519359,1
312,13,32,107.42438515519359,1
312,13,33,107.42438515519359,1
312,13,34,107.42438515519359,1
312,13,35,107.42438515519359,1
312,13,31,107.42640960364278,1
312,14,32,107.42640960364278,1
312,14,34,107.42640960364278,1
312,14,35,107.42640960364278,1
312,14,36,107.42640960364278,1
312,14,28,107.43450739743957,1
312,15,29,107.43450739743957,1
312,15,30,107.43450739743957,1
312,15,34,107.43450739743957,1
312,15,35,107.43450739743957,1
312,15,36,107.43450739743957,1
312,16,7,107.43656364298882,3
312,16,10,107.43656364298882,2
312,17,10,107.43656364298882,1
312,17,8,107.43658447632215,4
312,18,6,107.43659697632215,4
312,18,9,107.43659697632215,1
312,19,9,107.43659697632215,3
312,19,11,107.43661364298882,2
313,25,4,97.3576136562265,1
313,26,4,97.3576136562265,1
313,27,4,97.3576136562265,1
313,28,4,97.3576136562265,1
316,12,27,98.70980915143326,1
316,13,28,98.70980915143326,1
316,14,29,98.70980915143326,1
316,15,30,98.70980915143326,1
316,16,31,98.70980915143326,1
316,17,32,98.70980915143326,1
316,18,33,98.70980915143326,1
316,19,34,98.70980915143326,1
318,1,25,101.0058520950567,1
318,1,26,101.0058520950567,1
318,1,27,101.0058520950567,1
318,1,28,101.0058520950567,1
318,1,29,101.0058520950567,1
318,2,30,97.8294165101299,1
318,2,31,97.8294165101299,1
318,2,32,97.8294165101299,1
318,2,35,97.8294165101299,1
318,2,36,97.8294165101299,1
318,26,3,96.99308321912545,1
318,27,3,96.99308321912545,1
318,28,3,96.99308321912545,1
318,29,3,96.99308321912545,1
318,30,3,96.99308321912545,1
318,31,4,94.10852685135535,1
318,32,4,94.10852685135535,1
318,35,4,94.10852685135535,1
318,36,4,94.10852685135535,1
318,25,4,94.10852164029023,1
319,26,3,94.17173209536571,1
319,28,3,94.17173209536571,1
319,30,3,94.17173209536571,1
320,3,26,99.28045411248368,1
320,3,27,99.28045411248368,1
320,3,28,99.28045411248368,1
320,3,29,99.28045411248368,1
320,3,31,99.28045411248368,1
323,3,25,99.38129318802649,1
323,26,4,95.5584696468836,1
323,27,4,95.5584696468836,1
323,28,4,95.5584696468836,1
323,29,4,95.5584696468836,1
323,30,4,95.5584696468836,1
323,5,29,99.48894981828573,1
323,5,30,99.48894981828573,1
323,5,31,99.48894981828573,1
324,31,5,96.60428254483216,1
325,5,25,98.78076466460925,1
325,5,26,98.78076466460925,1
325,25,12,97.51121948126075,1
325,26,13,97.51121948126075,1
325,27,14,97.51121948126075,1
325,28,15,97.51121948126075,1
325,29,16,97.51121948126075,1
325,30,17,97.51121948126075,1
325,31,18,97.51121948126075,1
325,32,19,97.51121948126075,1
326,33,3,94.49106682815302,1
326,34,3,94.49106682815302,1
326,35,3,94.49106682815302,1
326,36,3,94.49106682815302,1
326,32,3,94.49106682393949,1
328,25,5,96.78827489834663,1
331,3,26,98.32895373609037,1
331,3,27,98.32895373609037,1
331,3,29,98.32895373609037,1
331,3,30,98.32895373609037,1
331,25,5,97.4310008362398,1
331,26,5,97.4310008362398,1
331,28,5,97.4310008362398,1
331,29,5,97.4310008362398,1
332,30,1,96.15596051912672,1
332,31,1,96.15596051912672,1
332,33,1,96.15596051912672,1
332,34,1,96.15596051912672,1
332,35,1,96.15596051912672,1
332,3,26,101.93401094532993,1
332,3,27,101.93401094532993,1
332,3,28,101.93401094532993,1
332,3,29,101.93401094532993,1
333,4,26,97.82559462387638,1
333,4,27,97.82559462387638,1
333,4,28,97.82559462387638,1
333,4,29,97.82559462387638,1
333,4,30,97.82559462387638,1
334,25,12,87.89182069368819,1
334,27,12,87.89182069368819,1
334,28,12,87.89182069368819,1
334,29,12,87.89182069368819,1
334,30,12,87.89182069368819,1
334,32,13,87.89182069368819,1
334,33,13,87.89182069368819,1
334,34,13,87.89182069368819,1
334,35,13,87.89182069368819,1
334,36,13,87.89182069368819,1
334,36,14,87.89182069368582,1
334,25,14,87.89182069363119,1
334,28,14,87.89182069363119,1
334,29,14,87.89182069363119,1
334,31,14,87.89182069363119,1
334,32,15,87.89182069363119,1
334,33,15,87.89182069363119,1
334,35,15,87.89182069363119,1
334,36,15,87.89182069363119,1
334,26,15,87.89182069341268,1
334,28,16,87.89182069341268,1
334,29,16,87.89182069341268,1
334,30,16,87.89182069341268,1
334,31,16,87.89182069341268,1
334,32,16,87.89182069341268,1
334,33,17,87.89182069341268,1
334,34,17,87.89182069341268,1
334,35,17,87.89182069341268,1
334,36,17,87.89182069341268,1
334,26,17,87.89182069253866,1
334,27,18,87.89182069253866,1
334,28,18,87.89182069253866,1
334,29,18,87.89182069253866,1
334,30,18,87.89182069253866,1
334,31,18,87.89182069253866,1
334,32,19,87.89182069253866,1
334,33,19,87.89182069253866,1
334,34,19,87.89182069253866,1
334,35,19,87.89182069253866,1
334,33,19,87.89182068904262,1
335,35,4,93.59996370674725,1
335,36,4,93.59996370674725,1
335,31,4,93.59996340855236,1
335,32,4,93.59996340855236,1
335,34,4,93.59996340855236,1
336,4,25,101.35118271436781,1
336,4,28,101.35118271436781,1
336,4,29,101.35118271436781,1
337,2,30,98.66917087392692,1
337,2,31,98.66917087392692,1
337,2,32,98.66917087392692,1
337,3,33,101.45155579327574,1
337,25,5,97.63210799248104,1
337,26,5,97.63210799248104,1
337,27,5,97.63210799248104,1
337,28,5,97.63210799248104,1
337,29,5,97.63210799248104,1
338,12,33,99.80000424850178,1
338,13,34,99.80000424850178,1
338,14,35,99.80000424850178,1
338,15,36,99.80000424850178,1
338,16,30,99.8000042485108,1
338,17,32,99.8000042485108,1
338,18,35,99.8000042485108,1
338,19,31,99.80000424854688,1
339,3,32,100.02762273537878,1
339,3,36,100.02762273537878,1
340,2,25,102.53819387074202,1
342,3,26,101.01775785775547,1
342,12,28,107.42333640339615,1
342,12,29,107.42333640339615,1
342,12,30,107.42333640339615,1
342,12,31,107.42333640339615,1
342,12,33,107.42333640339615,1
342,13,34,107.42333640339615,1
342,13,35,107.42333640339615,1
342,13,36,107.42333640339615,1
342,13,27,107.42333640340235,1
342,13,28,107.42333640340235,1
342,14,29,107.42333640340235,1
342,14,30,107.42333640340235,1
342,14,31,107.42333640340235,1
342,14,33,107.42333640340235,1
342,14,34,107.42333640340235,1
342,15,35,107.42333640340235,1
342,15,36,107.42333640340235,1
342,15,25,107.42333640401618,1
342,15,26,107.42333640401618,1
342,15,27,107.42333640401618,1
342,16,28,107.42333640401618,1
342,16,29,107.42333640401618,1
342,16,30,107.42333640401618,1
342,16,32,107.42333640401618,1
342,16,34,107.42333640401618,1
342,17,35,107.42333640401618,1
342,17,36,107.42333640401618,1
342,17,29,107.4233364063121,1
342,17,31,107.4233364063121,1
342,17,32,107.4233364063121,1
342,18,33,107.4233364063121,1
342,18,35,107.4233364063121,1
342,18,33,107.42333641970927,1
342,18,34,107.42333641970927,1
342,18,35,107.42333641970927,1
342,19,36,107.42333641970927,1
342,19,27,107.42333647329801,1
342,19,28,107.42333647329801,1
342,19,29,107.42333647329801,1
342,19,30,107.42333647329801,1
343,1,33,102.04772013748078,1
343,1,36,102.04772013748078,1
344,26,1,94.00056295810734,1
345,29,2,94.17009605117516,1
345,30,2,94.17009605117516,1
345,5,25,101.55449066309775,1
345,5,26,101.55449066309775,1
345,5,28,101.55449066309775,1
345,5,29,101.55449066309775,1
347,31,2,96.40349118307488,1
347,32,2,96.40349118307488,1
347,33,2,96.40349118307488,1
347,34,2,96.40349118307488,1
347,35,2,96.40349118307488,1
348,36,2,96.34842468557584,1
348,27,2,96.34842468557363,1
348,28,2,96.34842468557363,1
348,29,2,96.34842468557363,1
349,30,26,97.588181050274,1
349,32,27,97.588181050274,1
349,35,28,97.588181050274,1
349,36,29,97.588181050274,1
349,28,30,97.58818105025898,1
349,29,31,97.58818105025898,1
349,30,32,97.58818105025898,1
349,31,33,97.58818105025898,1
350,32,1,95.72256738641984,1
350,2,25,98.90413354295194,1
350,2,26,98.90413354295194,1
350,33,25,97.58818105025523,1
350,35,26,97.58818105025523,1
350,25,27,97.58818105020038,1
350,26,28,97.58818105020038,1
350,28,29,97.58818105020038,1
350,29,30,97.58818105020038,1
350,32,31,97.58818105020038,1
350,35,32,97.58818105020038,1
350,36,34,97.58818105020038,1
350,30,35,97.5881810499826,1
350,31,36,97.5881810499826,1
351,33,4,93.59647742087748,1
351,5,27,101.10385082168347,1
351,5,28,101.10385082168347,1
351,5,29,101.10385082168347,1
351,5,31,101.10385082168347,1
351,5,32,101.10385082168347,1
351,35,25,97.58818104991444,1
351,36,27,97.58818104991444,1
351,25,28,97.58818104904336,1
351,26,29,97.58818104904336,1
351,27,30,97.58818104904336,1
351,28,32,97.58818104904336,1
351,29,34,97.58818104904336,1
351,30,35,97.58818104904336,1
351,31,36,97.58818104904336,1
352,3,33,98.42610887721855,1
352,3,34,98.42610887721855,1
352,32,25,97.58818104882558,1
352,33,26,97.58818104882558,1
352,35,27,97.58818104882558,1
352,36,28,97.58818074714631,1
352,28,31,97.58817458185753,1
352,29,32,97.58817458185753,1
352,30,33,97.58817458185753,1
352,31,34,97.58817458185753,1
352,32,35,97.58817458185753,1
352,33,36,97.58817458185753,1
353,36,25,97.58817296511552,1
353,29,28,97.58815212085511,1
353,31,30,97.58815212085511,1
353,32,31,97.58815212085511,1
353,33,35,97.58815212085511,1
353,34,36,97.58815212085511,1
354,35,2,96.6446143142206,1
354,26,2,96.64451513434341,1
354,27,2,96.64451513434341,1
354,28,2,96.64451513434341,1
354,30,2,96.64451513434341,1
354,4,35,102.39398288494718,1
354,4,36,102.39398288494718,1
354,4,26,102.39398288499838,1
354,4,27,102.39398288499838,1
354,32,25,97.5880477299128,1
354,33,26,97.5880477299128,1
354,34,27,97.5880477299128,1
354,35,30,97.5880477299128,1
354,36,31,97.5880477299128,1
354,29,32,97.587651010404,1
354,31,33,97.587651010404,1
354,32,34,97.587651010404,1
354,33,35,97.587651010404,1
354,29,36,97.58548919246896,1
355,30,3,95.7881143256464,1
355,31,25,97.58482476315149,1
355,32,26,97.58482476315149,1
355,34,27,97.58482476315149,1
355,35,28,97.58482476315149,1
355,7,30,97.57365477804095,1
355,7,31,97.57365477804095,1
355,10,32,97.57365477804095,1
355,10,33,97.57365477804095,1
355,8,34,97.5736381113743,1
355,8,35,97.5736381113743,1
356,3,28,100.46971354995809,1
356,3,29,100.46971354995809,1
356,7,12,92.8247549430378,2
356,10,13,92.8247549430378,2
356,8,14,92.82473827637114,2
356,6,15,92.82473410970448,2
356,9,16,92.82473410970448,2
356,11,17,92.82470910970447,1
356,29,17,92.76480365329215,1
356,29,18,92.76480365329215,2
356,29,19,92.76480365329215,2
357,29,3,95.08055609273805,1
357,29,27,97.47069614713092,1
357,29,28,97.47069614713092,1
357,29,30,97.47069614713092,1
357,29,31,97.47069614713092,1
357,29,32,97.47069614713092,1
357,29,33,97.47069614713092,1
357,29,35,97.47069614713092,1
357,29,36,97.47069614713092,1
358,1,25,101.6336762187465,1
358,1,27,101.6336762187465,1
358,29,25,97.47069614713092,1
358,29,27,97.47069614713092,1
358,29,30,97.47069614713092,1
358,29,31,97.47069614713092,1
358,29,32,97.47069614713092,1
358,29,33,97.47069614713092,1
358,30,34,97.47069614713092,1
358,30,35,97.47069614713092,1
358,30,36,97.47069614713092,1
359,1,28,100.33796396225169,1
359,30,25,97.47069614713092,1
359,30,26,97.47069614713092,1
359,30,27,97.47069614713092,1
359,30,28,97.47069614713092,1
359,30,29,97.47069614713092,1
359,30,31,97.47069614713092,1
359,30,32,97.47069614713092,1
359,30,33,97.47069614713092,1
359,30,34,97.47069614713092,1
359,30,35,97.47069614713092,1
359,30,36,97.47069614713092,1
360,1,30,99.82605248718906,1
360,1,31,99.82605248718906,1
360,1,32,99.82605248718906,1
360,1,33,99.82605248718906,1
360,30,29,97.47069614713092,1
360,32,30,97.47069614713092,1
360,32,31,97.47069614713092,1
360,33,32,97.47069614713092,1
360,34,33,97.47069614713092,1
360,5,34,97.46917175188204,1
360,5,35,97.46917175188204,1
361,7,1,94.33120518744511,2
361,10,25,97.4544975668589,1
361,10,26,97.4544975668589,1
361,7,27,97.45448923352558,1
361,7,28,97.45448923352558,1
361,8,29,97.45448090019224,1
361,6,30,97.45447673352558,1
361,9,32,97.45447673352558,1
361,11,34,97.45445590019224,1
362,2,25,97.45180555043049,1
362,2,27,97.45180555043049,1
362,10,28,97.45009712419332,1
362,10,29,97.45009712419332,1
362,7,30,97.45008879085998,1
362,8,31,97.45008462419332,1
362,6,33,97.45008045752665,1
362,9,34,97.45008045752665,1
362,11,36,97.45005962419333,1
363,10,25,97.42217041300412,1
363,7,27,97.42216624633747,1
363,8,28,97.4221620796708,1
363,6,30,97.42215791300413,1
363,9,31,97.42215791300413,1
363,11,33,97.42213707967079,1
364,4,1,94.29185723267202,3
364,4,1,94.25622937781426,1
368,27,12,87.64251531456449,1
368,28,12,87.64251531456449,1
368,29,12,87.64251531456449,1
368,30,12,87.64251531456449,1
368,31,12,87.64251531456449,1
368,34,13,87.64251531456449,1
368,35,13,87.64251531456449,1
368,36,13,87.64251531456449,1
368,25,13,87.64066334377564,1
368,26,13,87.64066334377564,1
368,28,14,87.64066334377564,1
368,29,14,87.64066334377564,1
368,31,14,87.64066334377564,1
368,32,14,87.64066334377564,1
368,33,14,87.64066334377564,1
368,35,15,87.64066334377564,1
368,36,15,87.64066334377564,1
368,10,15,87.63080854085453,1
368,7,15,87.63080437418786,1
368,8,15,87.63080020752119,1
368,6,16,87.63079604085453,1
368,9,16,87.63079604085453,1
368,11,16,87.6307752075212,1
368,4,16,87.61401402039132,2
368,5,17,87.59787972534137,5
368,4,18,87.52411073817186,5
368,2,19,87.45598766661313,5
369,26,10,97.18789072778013,1
369,27,10,97.18789072778013,1
369,29,10,97.18789072778013,1
369,30,10,97.18789072778013,1
369,31,7,97.1878948944468,1
369,32,7,97.1878948944468,1
369,35,7,97.1878948944468,1
369,36,7,97.1878948944468,1
370,10,2,92.50215623555913,1
370,12,7,104.92231695841386,4
370,13,10,104.92231695841386,4
370,14,8,104.9223377917472,4
370,15,6,104.92234195841387,4
370,16,9,104.92234195841387,4
370,17,11,104.9223627917472,4
370,18,11,104.9223627917472,1
370,18,25,105.04658602157576,1
370,18,26,105.04658602157576,1
370,18,27,105.04658602157576,1
370,19,29,105.04658602157576,1
370,19,30,105.04658602157576,1
370,19,31,105.04658602157576,1
370,19,32,105.04658602157576,1
371,25,5,95.29240021485839,1
371,26,5,95.29240021485839,1
371,27,5,95.29240021485839,1
371,25,7,97.34163729457327,1
371,26,7,97.34163729457327,1
371,27,7,97.34163729457327,1
371,30,10,97.34163729457327,1
371,32,10,97.34163729457327,1
371,33,10,97.34163729457327,1
371,36,8,97.34165812790661,1
372,7,12,93.30323770953895,2
372,10,13,93.30323770953895,2
372,8,14,93.30320854287228,2
372,6,15,93.30320020953894,1
372,9,15,93.30320020953894,1
372,11,16,93.30318354287229,1
372,28,16,93.28144205201693,1
372,29,17,93.28144205201693,1
372,31,17,93.28144205201693,1
372,32,18,93.28144205201693,1
372,34,18,93.28144205201693,1
372,3,19,93.07640774073717,2
372,25,7,97.34164041957328,1
372,26,7,97.34164041957328,1
372,27,7,97.34164041957328,1
372,28,10,97.34164041957328,1
372,29,10,97.34164041957328,1
372,30,10,97.34164041957328,1
372,31,8,97.34166958623996,1
372,33,8,97.34166958623996,1
372,34,8,97.34166958623996,1
372,36,8,97.34166958623996,1
373,12,7,106.80642842935427,3
373,12,10,106.80642842935427,2
373,13,10,106.80642842935427,1
373,13,8,106.80645342935426,3
373,13,6,106.8064742626876,1
373,14,6,106.8064742626876,3
373,14,9,106.8064742626876,2
373,15,9,106.8064742626876,2
373,15,11,106.80649092935428,3
373,16,11,106.80649092935428,1
373,16,34,106.9416036546105,1
373,16,35,106.9416036546105,1
373,16,36,106.9416036546105,1
373,16,26,106.94282711449337,1
373,17,27,106.94282711449337,1
373,17,28,106.94282711449337,1
373,17,29,106.94282711449337,1
373,17,30,106.94282711449337,1
373,17,31,106.94282711449337,1
373,18,32,106.94282711449337,1
373,18,33,106.94282711449337,1
373,18,34,106.94282711449337,1
373,18,35,106.94282711449337,1
373,18,27,106.9475450123186,1
373,19,28,106.9475450123186,1
373,19,29,106.9475450123186,1
373,19,30,106.9475450123186,1
373,19,31,106.9475450123186,1
373,19,32,106.9475450123186,1
374,25,3,94.68081667818666,1
374,26,3,94.68081667818666,1
374,28,3,94.68081667818666,1
374,31,3,94.68081667818666,1
374,32,3,94.68081667818666,1
374,25,7,97.34199516873564,1
374,27,7,97.34199516873564,1
374,28,10,97.34199516873564,1
374,29,10,97.34199516873564,1
374,30,8,97.3420118354023,1
374,31,8,97.3420118354023,1
374,32,8,97.3420118354023,1
374,34,6,97.34202850206897,1
374,35,6,97.34202850206897,1
375,3,6,99.01959416013136,1
375,3,9,99.01959416013136,2
375,8,12,87.56891430250931,2
375,7,12,87.56891013584266,3
375,10,13,87.56891013584266,3
375,6,13,87.56889763584266,2
375,9,14,87.56889346917598,2
375,11,14,87.56886846917598,1
375,34,14,87.54141934227634,1
375,3,14,87.34182144537708,1
375,3,15,87.34182144537708,1
375,4,15,87.28007751069015,3
375,5,15,87.26777352581234,1
375,3,16,87.22696851202207,2
375,5,16,87.18917580280979,3
375,5,17,87.18917580280979,2
375,1,17,87.17645621036303,3
375,3,18,87.11611089772681,3
375,4,18,87.07502224875282,2
375,4,19,87.07502224875282,2
375,2,19,87.05707604895002,3
375,25,8,97.3420243354023,1
375,27,8,97.3420243354023,1
375,29,8,97.3420243354023,1
375,30,7,97.34202850206897,1
375,31,7,97.34202850206897,1
375,32,10,97.34202850206897,1
375,33,10,97.34202850206897,1
375,34,6,97.34204100206897,1
375,36,6,97.34204100206897,1
376,8,12,90.77086908542161,2
376,7,12,90.77086491875494,1
376,7,13,90.77086491875494,2
376,10,13,90.77086491875494,1
376,10,14,90.77086491875494,2
376,6,14,90.77084825208829,1
376,6,15,90.77084825208829,1
376,9,15,90.77083575208827,2
376,11,16,90.77081491875495,1
376,2,16,90.51493745864195,2
376,4,17,90.49757968618853,1
376,5,17,90.31647395023907,2
376,5,18,90.31647395023907,2
376,1,18,90.29939489374797,1
376,3,19,90.29925134820522,3
376,27,8,96.95815397856616,2
376,28,8,96.95815397856616,1
376,28,7,96.95815814523283,1
376,29,7,96.95815814523283,1
376,29,10,96.95815814523283,1
376,30,10,96.95815814523283,1
376,30,6,96.95817481189948,1
376,31,6,96.95817481189948,2
376,32,9,96.9581873118995,2
376,33,9,96.9581873118995,1
376,33,11,96.95820814523282,1
376,35,11,96.95820814523282,2
376,36,11,96.95820814523282,1
377,1,33,100.64035759922548,1
377,1,35,100.64035759922548,1
377,1,36,100.64035759922548,1
377,1,34,100.65227857154804,1
377,1,35,100.65227857154804,1
377,4,36,100.64082253265744,1
377,4,20,100.67110427958471,1
377,25,8,97.28864506305086,1
377,26,8,97.28864506305086,1
377,27,8,97.28864506305086,1
377,28,7,97.28864922971752,1
377,29,7,97.28864922971752,1
377,31,10,97.28864922971752,1
377,32,10,97.28864922971752,1
377,33,6,97.28866589638419,1
377,34,6,97.28866589638419,1
377,36,6,97.28866589638419,1
378,2,9,101.09140847359981,3
378,12,6,103.89812094534528,3
378,13,7,103.89812511201194,2
378,13,8,103.89812511201194,1
378,14,8,103.89812511201194,1
378,14,10,103.89812511201194,2
378,15,9,103.89813344534528,3
378,16,11,103.89815844534527,3
378,17,11,103.89815844534527,1
378,17,20,104.00334925084017,1
378,17,21,104.00334925084017,1
378,18,21,104.00334925084017,1
378,18,22,104.00334925084017,2
378,19,23,104.00334925084017,2
378,19,24,104.00334925084017,1
380,6,1,93.43563219552533,3
381,3,25,97.77805645786563,1
381,3,27,97.77805645786563,1
381,3,29,97.77805645786563,1
381,3,30,97.77805645786563,1
381,3,31,97.77805645786563,1
381,25,12,89.00442193079368,1
381,27,12,89.00442193079368,1
381,28,12,89.00442193079368,1
381,29,12,89.00442193079368,1
381,30,13,89.00442193079368,1
381,32,13,89.00442193079368,1
381,33,13,89.00442193079368,1
381,34,13,89.00442193079368,1
381,35,14,89.00442193079368,1
381,6,14,88.99391156036906,2
381,9,14,88.99391156036906,1
381,9,15,88.99391156036906,1
381,7,15,88.99389906036906,3
381,8,16,88.99389906036906,3
381,10,16,88.99389906036906,1
381,10,17,88.99389906036906,2
381,11,17,88.99389072703573,2
381,26,18,88.97033215586936,1
381,29,18,88.97033215586936,1
381,30,18,88.97033215586936,1
381,32,18,88.97033215586936,1
381,33,19,88.97033215586936,1
381,34,19,88.97033215586936,1
381,35,19,88.97033215586936,1
381,36,19,88.97033215586936,1
382,36,3,94.46384838664042,1
382,1,3,93.81902021066425,1
382,2,3,93.75923536730788,1
382,26,7,97.28446779304387,1
382,27,7,97.28446779304387,1
382,28,8,97.28446779304387,1
382,31,8,97.28446779304387,1
382,32,10,97.28446779304387,1
382,33,10,97.28446779304387,1
382,34,6,97.2844761263772,1
382,35,6,97.2844761263772,1
382,36,6,97.2844761263772,1
383,1,9,99.32094714467044,3
383,1,11,99.32096797800378,2
383,26,6,97.28446987637722,1
383,27,6,97.28446987637722,1
383,28,6,97.28446987637722,1
383,29,9,97.28446987637722,1
383,32,9,97.28446987637722,1
383,33,9,97.28446987637722,1
383,34,7,97.28448237637721,1
383,35,7,97.28448237637721,1
383,36,8,97.28448237637721,1
384,25,6,97.28448341804388,1
384,26,6,97.28448341804388,1
384,28,9,97.28448341804388,1
384,29,9,97.28448341804388,1
384,30,10,97.2844917513772,1
384,31,10,97.2844917513772,1
384,32,8,97.28449591804387,1
384,33,8,97.28449591804387,1
384,34,7,97.28450008471054,1
384,35,7,97.28450008471054,1
384,36,11,97.2845042513772,1
385,25,6,97.2845073763772,1
385,26,6,97.2845073763772,1
385,28,9,97.2845073763772,1
385,29,9,97.2845073763772,1
385,31,10,97.28451570971055,1
385,32,10,97.28451570971055,1
385,33,11,97.28451570971055,1
385,34,11,97.28451570971055,1
385,35,11,97.28451570971055,1
386,6,3,92.48424247841078,3
386,9,3,92.48424247841078,1
386,5,8,101.16981742210362,2
386,5,7,101.16982158877028,1
386,26,6,97.28451258471054,1
386,27,6,97.28451258471054,1
386,28,11,97.28451258471054,1
386,30,11,97.28451258471054,1
386,32,11,97.28451258471054,1
386,34,9,97.28452091804388,1
387,27,11,97.28450633471056,1
387,28,11,97.28450633471056,1
387,29,11,97.28450633471056,1
387,30,6,97.28452716804388,1
387,31,6,97.28452716804388,1
387,33,9,97.28453133471055,1
387,34,9,97.28453133471055,1
387,36,10,97.28453966804388,1
388,25,11,97.28454383471055,1
388,26,11,97.28454383471055,1
388,27,6,97.28456050137721,1
388,28,6,97.28456050137721,1
388,29,9,97.28456466804388,1
388,31,9,97.28456466804388,1
388,32,7,97.28456883471054,1
388,34,7,97.28456883471054,1
