time,buyer,seller,price,qty
1,15,1,76.91529480923967,3
1,10,1,76.71379890474472,1
1,11,1,76.71379890474472,1
1,12,2,86.54607902092995,1
1,2,3,95.40122387592575,2
1,4,3,94.70334335265221,1
2,13,1,97.88346553440377,2
2,13,10,98.37477053867258,1
2,13,11,98.37477053867258,1
2,13,12,98.37477053867258,1
3,13,2,87.15865207828227,3
3,13,10,99.0617968232022,1
3,13,11,99.0617968232022,1
3,14,12,99.0617968232022,1
4,14,2,96.42038371032221,1
4,15,3,75.24030228479572,2
4,13,3,75.01098777060025,1
4,13,10,99.23355339433459,1
4,14,11,99.23355339433459,1
4,15,12,99.23355339433459,1
5,13,1,81.3264913382995,3
5,14,1,81.3264913382995,2
5,14,2,90.44222883468072,2
5,13,10,99.0617968232022,1
5,13,11,99.0617968232022,1
5,14,12,99.0617968232022,1
6,2,13,115.78803871512386,1
6,2,14,115.78803871512386,1
6,2,15,115.78803871512386,1
6,2,13,115.81315211899951,1
6,2,14,115.81315211899951,1
6,14,10,99.17622476578573,1
6,15,11,99.17622476578573,1
6,15,12,99.17622476578573,1
7,13,2,92.90264007745895,1
7,14,2,92.90264007745895,1
7,15,3,77.13188442574335,1
7,14,3,76.84524128299903,1
7,6,15,104.11267128200646,1
7,6,13,104.21312489750908,1
7,7,13,104.21312489750908,2
7,8,13,104.21312489750908,1
7,8,14,104.21312489750908,1
7,9,14,104.21312489750908,2
8,1,10,116.20357425715474,1
8,1,11,116.20357425715474,1
8,1,12,116.20357425715474,1
8,1,13,116.29751095070688,1
8,13,10,98.9866266267634,1
8,13,11,98.9866266267634,1
8,13,12,98.9866266267634,1
9,3,14,109.16061098189819,1
9,14,10,99.13540897675156,1
9,14,11,99.13540897675156,1
9,14,12,99.13540897675156,1
10,1,15,113.0130954762091,1
10,1,14,113.14508654494418,2
10,1,15,113.14508654494418,1
10,3,15,102.50909100488859,4
10,3,14,103.32442303657302,1
10,6,14,108.65626214554888,4
10,7,14,108.65626214554888,4
10,8,14,108.65626214554888,4
10,9,14,108.65626214554888,3
10,9,15,108.65626214554888,1
10,13,10,99.24714481975369,1
10,14,11,99.24714481975369,1
10,15,12,99.24714481975369,1
11,1,15,106.52395323050723,5
12,13,2,75.91050387944054,1
13,14,3,90.23676661384735,1
13,15,3,90.23676661384735,1
13,15,3,90.14359129446599,3
14,3,10,123.20095588707215,1
14,3,11,123.20095588707215,1
14,3,12,123.20095588707215,1
14,3,13,123.29725837974709,1
14,14,6,95.82153846712237,1
14,14,7,95.82153846712237,1
14,14,8,95.82153846712237,1
14,14,9,95.82153846712237,1
14,13,10,98.98307554327769,1
14,13,11,98.98307554327769,1
14,13,12,98.98307554327769,1
15,3,14,116.66116274861402,1
15,14,10,99.13244697487214,1
15,14,11,99.13244697487214,1
15,14,12,99.13244697487214,1
16,13,1,76.64017334604793,1
16,14,1,76.64017334604793,1
16,15,1,76.64017334604793,1
16,15,1,76.56533795947757,2
16,15,2,98.5400397164808,1
16,14,3,95.51494968836091,1
17,13,2,91.08525374696885,1
17,14,2,91.08525374696885,1
17,15,2,91.08525374696885,1
17,14,2,90.78867046014938,2
17,15,3,82.55768949235562,5
18,13,2,92.31352017182313,1
18,14,2,92.31352017182313,1
18,15,2,92.31352017182313,1
18,15,2,92.01225967334302,1
19,15,3,97.38577607948741,5
20,2,13,105.65980705886875,1
20,2,14,105.65980705886875,1
20,2,15,105.65980705886875,1
20,2,15,105.66225560799985,1
20,2,10,105.67591065515478,1
20,10,11,99.46895365176671,1
20,11,12,99.46895365176671,1
20,12,13,99.51038755242232,1
21,13,6,87.88715023921546,1
21,14,6,87.88715023921546,1
21,15,6,87.88715023921546,1
21,10,6,87.84836674649861,1
21,11,6,87.84836674649861,1
21,12,7,87.84836674649861,1
21,13,7,87.82457722362358,3
21,14,7,87.82457722362358,1
21,14,8,87.82457722362358,2
21,15,8,87.82457722362358,3
21,3,9,87.72734255600795,1
21,15,9,87.59807468413112,1
21,2,9,86.80325296183614,1
21,4,9,86.67979892681808,2
21,10,13,99.55864436824123,1
21,11,14,99.55864436824123,1
21,12,14,99.55864436824123,1
22,1,2,79.11306663962378,3
22,13,3,97.35236524263496,1
22,13,10,97.46822893640581,1
22,13,11,97.46822893640581,1
22,13,12,97.46822893640581,1
23,13,1,77.90302928137909,5
23,2,4,114.89504364991137,3
23,2,5,114.89504364991137,2
23,13,10,98.82870081651149,1
23,13,11,98.82870081651149,1
23,13,12,98.82870081651149,1
24,3,13,106.56249849253253,1
24,3,14,106.56249849253253,1
24,13,10,99.05933853307852,1
24,13,11,99.05933853307852,1
24,13,12,99.05933853307852,1
25,1,15,103.59529317664064,1
25,1,15,103.64210467247861,1
25,13,10,99.23254792042016,1
25,14,11,99.23254792042016,1
25,15,12,99.23254792042016,1
26,2,15,121.3325672811144,1
26,2,13,121.511489171701,4
26,3,13,116.75412952727493,5
26,13,10,99.29920920367871,1
26,14,11,99.29920920367871,1
26,15,12,99.29920920367871,1
27,14,1,76.2694420531982,3
27,14,2,88.66604441188059,2
27,3,13,110.50858787500624,1
27,3,14,110.50858787500624,1
27,3,15,110.50858787500624,1
27,3,14,110.73260276107493,2
27,14,10,99.0601960647561,1
27,15,11,99.0601960647561,1
27,15,12,99.0601960647561,1
28,1,14,119.40222539241786,2
28,13,2,76.92262751361936,1
28,14,2,76.92262751361936,1
28,15,2,76.92262751361936,1
28,15,2,76.80664793033048,2
28,15,3,75.1874908356992,2
28,13,3,74.73339474754643,2
28,13,6,88.29089196578835,5
28,13,7,88.29089196578835,5
28,13,8,88.29089196578835,3
28,14,8,88.29089196578835,2
28,14,9,88.29089196578835,5
29,2,10,116.1146092178431,1
29,2,11,116.1146092178431,1
29,2,12,116.1146092178431,1
29,14,3,74.59822448159488,5
29,6,13,101.60369890009238,1
29,7,13,101.60369890009238,1
29,8,14,101.60369890009238,1
29,9,14,101.60369890009238,1
29,13,10,98.82762021165433,1
29,13,11,98.82762021165433,1
29,13,12,98.82762021165433,1
30,13,1,87.295409300187,2
30,13,2,96.7569924513761,1
30,14,2,96.7569924513761,1
30,13,10,99.20407988572268,1
30,14,11,99.20407988572268,1
30,15,12,99.20407988572268,1
31,1,15,116.00414730234849,1
31,3,15,100.72012576776011,1
31,3,14,100.9065246472974,2
32,13,2,89.28348448684808,1
32,14,2,89.28348448684808,1
32,15,2,89.28348448684808,1
32,3,14,123.63351130955044,3
33,1,13,124.01496406048014,1
33,14,3,96.5908668513411,2
34,10,3,85.19577432115608,1
34,10,13,99.58257473498296,1
34,11,14,99.58257473498296,1
34,12,14,99.58257473498296,1
34,11,13,99.45466389783013,1
34,12,14,99.45466389783013,1
35,13,1,84.86343962994928,1
35,14,1,84.86343962994928,1
35,15,1,84.86343962994928,1
35,14,1,84.73720341869321,1
35,10,15,99.50430481887165,1
35,11,15,99.53145735539417,1
35,12,15,99.53145735539417,1
36,14,3,93.5444659323266,1
36,10,13,99.40277345768965,1
36,11,14,99.40277345768965,1
36,12,15,99.40277345768965,1
37,2,15,118.49261781646982,2
37,3,15,106.56167133271356,3
37,6,15,107.91307568664445,4
37,7,10,108.04984798901309,1
37,7,11,108.04984798901309,1
37,7,12,108.04984798901309,1
37,7,15,108.62876324899088,1
37,8,15,108.62876324899088,4
37,9,15,108.62876324899088,4
37,10,13,99.62753863150743,1
37,11,14,99.62753863150743,1
37,12,15,99.62753863150743,1
38,13,1,77.8824698776375,1
38,14,1,77.8824698776375,1
38,15,1,77.8824698776375,1
38,14,1,77.76939871912343,1
38,15,1,77.76939871912343,1
38,15,2,86.72384002260003,5
38,10,13,100.1650199908296,1
38,11,13,100.1650199908296,1
38,12,13,100.1650199908296,1
39,14,3,93.45504676254521,4
40,10,13,99.5828476459981,1
40,11,14,99.5828476459981,1
40,12,15,99.5828476459981,1
41,1,13,117.35945601153377,4
41,3,13,115.89266405500672,2
41,3,14,115.89266405500672,2
41,6,14,114.27408010705467,7
41,7,15,114.27408010705467,7
41,8,15,114.27408010705467,2
41,8,1,114.61429905240072,2
41,8,15,114.99806193517776,3
41,9,15,114.99806193517776,7
41,10,13,99.5828476459981,1
41,11,14,99.5828476459981,1
41,12,15,99.5828476459981,1
42,10,1,75.62791434139146,1
42,11,2,95.90246045661374,1
42,12,2,95.90246045661374,1
42,13,3,91.28170325243603,3
42,10,13,100.16521367414202,1
42,11,13,100.16521367414202,1
42,12,13,100.16521367414202,1
43,14,1,81.40594587048164,2
43,3,13,118.63127416745091,1
43,10,13,99.57905816423164,1
43,11,14,99.57905816423164,1
43,12,15,99.57905816423164,1
44,1,13,117.52642821062685,5
44,10,13,99.57905816423164,1
44,11,14,99.57905816423164,1
44,12,15,99.57905816423164,1
45,1,14,119.6459774962509,3
45,14,2,92.3612987708106,1
45,10,13,99.57905816423164,1
45,11,14,99.57905816423164,1
45,12,15,99.57905816423164,1
46,3,14,107.48070665029798,3
46,10,13,99.57905816423164,1
46,11,14,99.57905816423164,1
46,12,15,99.57905816423164,1
47,1,14,116.52913643305307,3
47,1,15,116.52913643305307,1
47,10,13,99.57905816423164,1
47,11,14,99.57905816423164,1
47,12,15,99.57905816423164,1
48,10,13,99.57905816423164,1
48,11,14,99.57905816423164,1
48,12,15,99.57905816423164,1
49,15,2,81.26187944936655,3
49,10,13,99.22800074573756,1
49,11,13,99.22800074573756,1
49,12,13,99.22800074573756,1
50,3,13,113.16078229219586,4
51,2,13,116.71217544532598,2
51,14,3,88.0982853873833,2
51,14,10,98.0828189005324,1
51,14,11,98.0828189005324,1
51,14,12,98.0828189005324,1
51,14,13,98.12641729485877,2
51,15,14,98.12641729485877,2
52,1,2,76.17916454940269,2
52,5,2,75.06472062996932,2
52,1,2,74.4561908181647,1
52,3,15,116.60159916014274,2
52,3,13,116.6676406742846,2
53,2,3,91.12594617478607,1
53,2,3,90.42547017765514,1
53,13,10,95.86055749725367,2
53,13,11,95.86055749725367,2
53,13,12,95.86055749725367,2
54,2,4,104.60677383279588,2
54,2,5,104.60677383279588,1
54,13,10,97.25653320081356,2
54,13,11,97.25653320081356,2
54,13,12,97.25653320081356,2
55,13,1,85.65458240443499,2
55,14,2,94.6340615082222,1
55,14,10,97.52987929153443,2
55,14,11,97.52987929153443,2
55,14,12,97.52987929153443,2
55,13,10,97.8316139525978,1
55,13,11,97.8316139525978,1
55,14,12,97.8316139525978,1
56,14,2,83.29514941315017,1
56,15,2,83.29514941315017,2
56,14,2,83.15820247391127,1
56,15,2,83.15820247391127,1
56,13,10,97.83330402481977,1
56,14,10,97.83330402481977,1
56,15,10,97.83330402481977,1
57,15,1,89.55374688962297,5
57,15,10,97.50299486079442,2
57,13,10,97.62647264635596,1
57,13,11,97.62647264635596,2
57,14,11,97.62647264635596,1
57,14,12,97.62647264635596,2
57,15,12,97.62647264635596,1
57,15,11,97.76426818421102,2
58,13,3,89.45714686168064,5
58,13,10,97.27747872046598,3
58,13,11,97.27747872046598,3
58,13,12,97.27747872046598,1
58,14,12,97.27747872046598,2
59,2,11,111.59006739065234,1
59,2,12,111.59006739065234,1
59,14,3,97.31946814454545,5
59,15,10,97.51347461178206,3
59,15,11,97.51347461178206,3
59,15,12,97.51347461178206,1
59,13,12,97.63170902626908,2
59,13,12,97.7660159745692,1
59,14,12,97.7660159745692,1
60,2,13,116.88503091199784,1
60,14,3,79.28639688985191,2
60,15,3,79.28639688985191,2
60,15,10,97.76016701427292,1
60,13,10,97.8245247236937,1
60,14,10,97.8245247236937,1
60,15,11,97.8245247236937,1
61,1,11,120.60028624677237,2
61,1,12,120.60028624677237,1
61,2,12,101.82003305032781,2
61,2,14,101.96507843382015,1
61,2,15,101.96507843382015,1
61,13,10,97.27309784920408,3
61,13,11,97.27309784920408,3
61,13,12,97.27309784920408,2
61,14,12,97.27309784920408,1
62,14,2,94.9973220257839,2
62,14,3,86.88251899766578,5
62,6,14,109.89757389565487,4
62,6,15,109.89757389565487,2
62,7,15,109.89757389565487,2
62,7,13,110.16173995222226,4
62,8,13,110.16173995222226,4
62,8,14,110.16173995222226,2
62,9,14,110.16173995222226,6
62,13,10,97.81571186208001,1
62,14,10,97.81571186208001,1
62,15,11,97.81571186208001,1
63,1,11,120.55501234964929,1
63,1,12,120.55501234964929,2
63,15,2,73.36411157435835,2
63,3,14,118.92485295083114,4
63,6,14,102.26973591951828,2
63,7,14,102.26973591951828,1
63,7,15,102.26973591951828,1
63,8,15,102.26973591951828,2
63,9,15,102.26973591951828,2
63,15,10,97.5054342945327,2
63,15,11,97.5054342945327,2
63,15,12,97.5054342945327,2
64,2,15,105.5043281105721,4
65,13,1,82.50307086521585,3
65,3,10,111.57499773943681,2
65,3,11,111.57499773943681,1
65,14,10,97.7746810143847,1
65,14,11,97.7746810143847,1
65,14,12,97.7746810143847,1
66,13,1,94.59540313876403,1
66,14,1,94.59540313876403,1
66,15,2,87.23640526893615,1
66,15,2,87.1598292693679,3
66,13,2,86.57195282678019,1
66,13,3,84.81508321433515,4
66,13,6,89.02615455062917,4
66,13,7,89.02615455062917,4
66,13,8,89.02615455062917,2
66,14,8,89.02615455062917,2
66,14,9,89.02615455062917,4
67,14,1,89.90150383766532,1
67,14,2,78.22865025510369,1
67,14,3,82.49044919480663,1
67,13,10,97.31505761845808,1
67,13,11,97.31505761845808,1
67,13,12,97.31505761845808,1
68,13,2,93.20722555085302,4
68,14,2,93.20722555085302,1
68,14,10,97.55731247843173,1
68,14,11,97.55731247843173,1
68,14,12,97.55731247843173,1
68,13,10,97.8318668472189,1
68,13,11,97.8318668472189,1
68,14,12,97.8318668472189,1
69,3,13,101.80092374564771,1
69,3,14,101.80092374564771,1
69,3,15,101.80092374564771,1
69,14,6,94.40576444114379,1
69,15,7,94.40576444114379,1
69,15,8,94.40576444114379,1
69,14,9,94.2843942708163,1
69,10,11,98.09616927842524,1
69,11,12,98.09616927842524,1
70,2,12,101.51482867881346,1
70,2,13,101.53812000272274,2
70,13,3,91.55884978970414,1
70,14,3,91.55884978970414,1
70,15,3,91.55884978970414,1
70,14,3,91.38534498750167,1
70,10,14,98.16604201695957,1
70,11,14,98.16604201695957,1
70,12,15,98.16604201695957,1
71,1,13,103.33685553899883,1
71,1,14,103.33685553899883,1
71,1,15,103.33685553899883,1
71,1,15,103.4023558461931,1
71,1,15,103.7121747919856,1
71,14,2,74.77109447176196,1
71,15,2,74.77109447176196,4
72,10,2,92.46359662032228,1
72,11,2,92.46359662032228,1
72,12,2,92.46359662032228,1
72,13,2,92.41024638619461,1
72,14,2,92.41024638619461,1
72,3,15,117.34951044067665,1
72,10,13,98.36772969329085,1
72,11,13,98.36772969329085,1
72,12,13,98.36772969329085,1
73,2,14,113.3962192066929,2
73,15,3,77.59818580122462,1
73,15,3,77.45536522651925,3
73,10,14,98.19752725885715,1
73,11,15,98.19752725885715,1
73,12,15,98.19752725885715,1
75,2,13,120.37544717485243,1
75,2,14,120.37544717485243,1
75,13,6,89.143000330799,4
75,13,7,89.143000330799,2
75,14,7,89.143000330799,2
75,14,8,89.143000330799,4
75,15,9,89.143000330799,4
75,10,15,98.00974143290738,1
76,10,15,98.23089879331825,1
76,11,13,98.16261990111634,1
76,12,14,98.16261990111634,1
77,11,2,93.70450799032096,1
77,12,2,93.70450799032096,1
77,13,2,93.64451471549646,1
77,14,2,93.64451471549646,1
77,3,15,100.6507939932913,1
77,3,15,101.0054480693969,3
77,10,13,98.11134245307271,1
77,11,14,98.11134245307271,1
77,12,15,98.11134245307271,1
78,1,15,120.39139203240097,1
78,1,15,120.93757445419412,1
78,15,2,77.74462921508989,1
78,15,2,77.61764564900699,1
78,3,15,114.00001461549759,4
78,10,13,98.33263271483482,1
78,11,13,98.33263271483482,1
78,12,13,98.33263271483482,1
79,1,14,109.1325931427946,2
79,15,3,91.39259213920288,1
79,10,3,91.32509391368013,1
79,11,3,91.32509391368013,1
79,12,3,91.32509391368013,1
79,6,14,100.13955098201683,1
79,7,15,100.13955098201683,1
79,8,15,100.13955098201683,1
79,9,15,100.13955098201683,1
80,1,15,109.25771972677416,2
80,10,13,98.81543027350799,1
80,11,13,98.81543027350799,1
80,12,13,98.81543027350799,1
81,10,1,90.33103722644871,1
81,11,1,90.33103722644871,1
81,12,2,90.81586986782746,1
81,13,2,90.73749136016946,1
81,10,13,98.4729853546946,1
81,11,13,98.4729853546946,1
81,12,13,98.4729853546946,1
82,14,2,78.4586238155276,1
82,15,2,78.4586238155276,1
82,14,2,77.80539400021917,3
82,3,13,116.14785541491992,1
82,6,13,108.5596327215544,2
82,6,14,108.5596327215544,3
82,7,15,108.5596327215544,3
82,7,13,108.73051341956506,2
82,8,13,108.73051341956506,1
82,8,14,108.73051341956506,4
82,9,14,108.73051341956506,5
82,10,13,98.11491099322676,1
82,11,14,98.11491099322676,1
82,12,15,98.11491099322676,1
83,1,15,113.66931003807656,2
83,2,15,120.01866661725282,4
83,14,3,79.70975412744804,4
84,13,3,74.17072737531825,2
84,10,13,98.17805258672159,1
84,11,14,98.17805258672159,1
84,12,15,98.17805258672159,1
85,10,13,98.17805258672159,1
85,11,14,98.17805258672159,1
85,12,15,98.17805258672159,1
86,13,2,74.21841565652316,2
86,14,2,74.21841565652316,2
86,10,13,98.17805258672159,1
86,11,14,98.17805258672159,1
86,12,15,98.17805258672159,1
87,1,15,98.84575044189381,3
87,1,2,92.0659197550838,1
87,14,2,91.33539161539248,2
87,10,13,98.17805258672159,1
87,11,14,98.17805258672159,1
87,12,15,98.17805258672159,1
88,2,15,113.42454925739315,1
88,2,3,113.49617382799816,1
88,2,1,113.63890963561485,2
88,10,13,98.69137820354563,1
88,11,13,98.69137820354563,1
88,12,13,98.69137820354563,1
89,1,13,118.32845149096268,5
89,2,14,119.76531552952557,1
89,15,3,77.22201303683627,3
89,10,13,98.147039569231,1
89,11,14,98.147039569231,1
89,12,15,98.147039569231,1
90,3,14,105.62972733195434,2
90,10,13,98.147039569231,1
90,11,14,98.147039569231,1
90,12,15,98.147039569231,1
91,15,1,89.66271604059511,1
91,3,14,98.38703520562203,4
91,10,13,98.147039569231,1
91,11,14,98.147039569231,1
91,12,15,98.147039569231,1
92,1,14,119.44446361063007,1
92,1,15,119.44446361063007,1
92,2,15,104.4481596469654,5
92,10,13,98.14045125852812,1
92,11,14,98.14045125852812,1
92,12,15,98.14045125852812,1
93,10,1,78.80180496764919,1
93,11,2,94.33505836022508,1
93,10,13,98.14045125852812,1
93,11,14,98.14045125852812,1
93,12,15,98.14045125852812,1
95,1,2,107.63564839462718,3
95,12,6,89.32507683437797,1
95,1,6,88.91437573759276,3
95,1,7,88.91437573759276,1
95,14,7,88.76742374531995,3
95,14,8,88.76742374531995,4
95,14,9,88.76742374531995,3
95,15,9,88.76742374531995,1
95,13,2,97.81920099007957,1
96,13,6,86.68299366102858,1
96,14,6,86.68299366102858,2
96,15,6,86.68299366102858,2
96,15,7,86.06424149926946,5
96,15,8,86.06424149926946,5
96,15,9,86.06424149926946,5
96,13,10,97.85271921538464,1
96,14,11,97.85271921538464,1
96,15,12,97.85271921538464,1
97,1,13,98.13675957571743,1
97,1,14,98.13675957571743,1
97,2,15,109.598213833182,1
97,2,15,109.78161161780835,2
97,2,3,110.19397627525319,2
97,6,3,105.73329955630194,2
97,6,4,106.00633081708173,1
97,7,4,106.00633081708173,2
97,7,5,106.00633081708173,1
97,8,3,106.82114294363802,3
97,9,3,106.82114294363802,2
97,9,3,106.84017695941318,1
97,13,10,97.38927384622706,1
97,13,11,97.38927384622706,1
97,13,12,97.38927384622706,1
98,2,1,117.90311193881723,5
99,13,1,94.3462359621632,3
99,14,1,94.3462359621632,2
99,3,13,118.01221997367941,5
99,14,13,97.64728753507093,4
99,15,13,97.64728753507093,6
100,15,1,79.78978113129666,4
100,2,13,98.12676948349872,1
100,3,13,104.08315185867599,2
100,3,14,104.08315185867599,3
101,13,2,96.78589224901384,1
101,14,10,96.78751405991977,1
101,15,11,96.78751405991977,1
102,15,2,80.32517735343723,4
102,15,10,96.53822098769227,1
102,15,11,96.53822098769227,1
102,13,12,96.63303791383548,1
102,13,12,96.73595326349644,1
103,1,13,104.40432996052552,1
103,1,14,104.40432996052552,1
103,1,15,104.40432996052552,1
103,1,14,104.69398551962152,1
103,2,14,108.28422642297423,4
103,13,3,88.67177883404693,1
103,14,10,96.78326690964191,1
103,14,11,96.78326690964191,1
103,14,12,96.78326690964191,1
104,2,14,109.66153516620179,1
104,6,14,99.13404483383398,1
104,7,14,99.13404483383398,1
104,8,14,99.13404483383398,1
104,9,14,99.13404483383398,1
105,3,10,102.90398921638507,1
105,3,11,102.90398921638507,1
105,3,12,102.90398921638507,1
105,3,13,102.923343871518,1
105,13,10,96.90764893741559,1
105,14,11,96.90764893741559,1
105,15,12,96.90764893741559,1
106,15,1,73.05569524175357,2
106,2,13,120.12088981747391,1
106,2,14,120.12088981747391,1
106,2,15,120.12088981747391,1
106,2,13,120.18751224889974,1
106,3,13,108.28322035221268,1
106,3,14,108.28322035221268,3
106,15,10,96.77124004013469,1
106,13,11,96.84047958236876,1
106,14,12,96.84047958236876,1
107,15,10,96.90827470722505,1
108,1,11,104.36973536061552,1
108,1,12,104.36973536061552,1
108,13,10,96.30848940668758,1
108,13,11,96.30848940668758,1
108,13,12,96.30848940668758,1
109,13,1,86.81236877801715,3
109,2,13,115.62854327554203,1
109,2,14,115.62854327554203,1
109,2,15,115.62854327554203,1
109,13,3,77.85419698913898,1
109,14,3,77.85419698913898,1
109,13,10,96.7618383425534,1
109,14,11,96.7618383425534,1
109,15,12,96.7618383425534,1
110,14,2,76.05790344297097,5
110,13,10,96.80924265671973,1
110,14,11,96.80924265671973,1
110,15,12,96.80924265671973,1
111,14,1,90.055479650915,1
111,2,15,103.72251199404226,2
111,13,10,96.80924265671973,1
111,14,11,96.80924265671973,1
111,15,12,96.80924265671973,1
112,15,2,80.08229618588221,1
112,13,10,96.80924265671973,1
112,14,11,96.80924265671973,1
112,15,12,96.80924265671973,1
113,2,15,103.46095670801517,1
113,2,15,103.70809177858561,2
113,13,10,96.80924265671973,1
113,14,11,96.80924265671973,1
113,15,12,96.80924265671973,1
114,3,15,103.79052064575635,4
115,1,10,114.89321596804078,1
115,15,10,96.58672941335709,1
115,15,11,96.58672941335709,1
115,15,12,96.58672941335709,1
116,3,11,105.79164850340541,1
116,13,10,96.79568821596109,1
116,13,11,96.79568821596109,1
116,14,12,96.79568821596109,1
116,13,12,96.93967095395557,1
117,14,1,81.74162392499849,1
117,15,1,81.74162392499849,1
117,14,1,81.70677422476433,1
117,15,1,81.70677422476433,2
117,2,13,100.31002891805457,1
117,2,14,100.31002891805457,1
117,2,15,100.31002891805457,1
117,2,15,100.60306206363444,2
118,1,10,98.87581101535473,1
118,1,11,98.87581101535473,1
118,1,12,98.87581101535473,1
118,1,13,98.97045752965495,1
118,15,2,93.53892008793915,2
118,15,3,85.13920898674172,1
118,1,3,84.99240748575089,1
118,1,3,84.61632834286775,1
118,1,6,85.94699001041755,1
118,4,6,85.31333464104607,3
118,5,6,85.31333464104607,1
118,5,7,85.31333464104607,1
118,1,7,84.55112847886228,1
118,2,7,83.83727775659455,2
118,2,7,83.21428100430614,1
118,2,8,83.21428100430614,3
118,2,8,83.00954610031181,2
118,2,9,83.00954610031181,1
118,1,9,82.82752579446995,4
118,13,10,96.68173233466118,1
118,13,11,96.68173233466118,1
118,14,12,96.68173233466118,1
119,3,14,107.54294081976796,1
120,1,15,121.13962994875989,1
120,1,15,121.46235925544205,4
120,2,15,107.35009598751657,1
120,13,3,91.1698261981903,1
120,14,3,91.1698261981903,1
120,15,3,91.1698261981903,1
120,14,3,91.11501946547861,1
120,15,3,91.11501946547861,1
121,1,2,113.9431445326961,3
121,2,1,99.05526608289689,1
121,10,13,97.6333294719243,1
121,11,13,97.6333294719243,1
121,12,13,97.6333294719243,1
122,2,13,120.28704260959313,4
122,2,14,120.28704260959313,1
122,13,3,93.767903763851,1
122,14,3,93.767903763851,1
122,15,3,93.767903763851,1
122,15,3,93.69939534796137,1
122,5,3,92.91044284523115,1
122,10,14,97.36074152429964,1
122,11,14,97.36074152429964,1
122,12,14,97.36074152429964,1
123,2,13,115.97201262405116,1
123,2,14,115.97201262405116,1
123,2,15,115.97201262405116,1
123,2,14,116.10803455400358,2
123,1,3,85.81911026208891,1
123,1,3,84.91644546664054,2
123,5,6,85.54357290605478,1
123,1,6,83.86426271620317,2
123,2,7,83.84592764353548,3
123,2,8,83.84592764353548,1
123,2,8,83.77049763662578,2
123,2,9,83.77049763662578,1
123,2,9,83.45057005777458,2
123,13,10,94.05575607686119,1
123,13,11,94.05575607686119,1
123,13,12,94.05575607686119,1
124,13,3,83.05949644594543,5
124,13,10,95.63898164400293,1
124,13,11,95.63898164400293,1
124,13,12,95.63898164400293,1
125,13,3,90.77236496948774,3
125,13,10,96.71837586173075,1
125,13,11,96.71837586173075,1
125,14,12,96.71837586173075,1
127,3,10,109.00621862249514,1
127,14,10,96.78977409053982,1
127,15,11,96.78977409053982,1
127,15,12,96.78977409053982,1
127,13,11,96.93392546092008,1
127,14,12,96.93392546092008,1
128,2,13,98.70334256301183,1
128,2,14,98.70334256301183,1
128,15,10,96.87687944458702,1
129,13,1,94.5509473803547,4
129,3,11,120.23705348064763,1
129,3,12,120.23705348064763,1
129,3,13,120.33262381971757,1
129,13,10,96.51296872559038,1
129,13,11,96.51296872559038,1
129,13,12,96.51296872559038,1
130,13,10,96.70622559905601,1
130,13,11,96.70622559905601,1
130,14,12,96.70622559905601,1
131,2,14,107.98494371429057,1
131,2,15,107.98494371429057,1
131,2,15,108.01352388279409,1
131,2,14,108.1636152125242,1
131,2,15,108.1636152125242,1
131,13,10,96.85136189831704,1
131,14,11,96.85136189831704,1
131,15,12,96.85136189831704,1
132,13,6,87.64648469656021,1
132,14,6,87.64648469656021,1
132,15,6,87.64648469656021,1
132,14,6,87.52545709544194,1
132,14,7,87.52545709544194,3
132,15,7,87.52545709544194,1
132,15,8,87.52545709544194,4
132,13,9,87.23373911093344,4
133,13,1,90.65326583247727,1
134,1,13,104.83356256160256,1
134,1,14,104.83356256160256,1
134,1,15,104.83356256160256,1
135,10,15,97.35622624514627,1
135,11,15,97.35622624514627,1
135,12,15,97.35622624514627,1
136,2,13,117.08744078726627,1
136,2,14,117.08744078726627,1
136,10,15,97.14867537518928,1
136,11,13,97.11410660937366,1
136,12,14,97.11410660937366,1
137,13,2,80.5670681986611,1
137,14,2,80.5670681986611,1
137,15,2,80.5670681986611,1
137,13,2,80.48555949672013,2
137,13,6,87.11220948606253,1
137,14,6,87.11220948606253,3
137,15,6,87.11220948606253,1
137,15,7,87.11220948606253,2
137,13,7,86.78617467829864,1
137,14,7,86.78617467829864,2
137,14,8,86.78617467829864,5
137,14,9,86.78617467829864,5
137,10,15,97.09678765770002,1
138,11,3,95.72498770538533,1
138,12,3,95.72498770538533,1
138,13,3,95.62938176493851,1
138,10,15,97.40984115830753,1
138,11,15,97.40984115830753,1
138,12,15,97.40984115830753,1
139,2,13,106.45567886419862,2
139,2,14,106.45567886419862,2
139,10,15,97.19454938916024,1
139,11,15,97.19454938916024,1
139,12,13,97.14276762540374,1
140,14,2,84.29827511517782,1
140,15,2,84.29827511517782,1
140,14,2,83.87932175118674,2
140,10,14,97.11682496176172,1
140,11,15,97.11682496176172,1
140,12,13,97.1038795208226,1
141,2,14,101.97645793283624,1
141,2,15,101.97645793283624,1
141,2,1,102.89419067011939,1
141,3,1,109.422803957305,1
141,3,13,109.47467466611025,4
142,13,1,91.53354853230292,3
142,2,13,119.05339442144356,5
142,13,3,73.47210008288641,1
142,14,3,73.47210008288641,3
142,10,13,97.74517419570816,1
142,11,13,97.74517419570816,1
142,12,13,97.74517419570816,1
143,2,13,117.97719048357888,3
143,10,13,97.17732567641717,1
143,11,14,97.17732567641717,1
143,12,15,97.17732567641717,1
144,1,2,84.98894313652917,1
144,14,2,84.87520818390936,1
144,15,2,84.87520818390936,3
144,15,3,92.77677782713494,1
144,10,3,92.76923581960644,1
144,11,3,92.76923581960644,1
144,12,3,92.76923581960644,1
144,10,13,97.17732567641717,1
144,11,14,97.17732567641717,1
144,12,15,97.17732567641717,1
145,14,1,82.35090746680658,2
145,15,2,93.13121108944716,5
145,15,3,93.8986137419513,3
146,10,13,97.25198378679268,1
146,11,13,97.25198378679268,1
146,12,14,97.25198378679268,1
147,10,2,85.42942051969811,1
147,11,2,85.42942051969811,1
147,12,2,85.42942051969811,1
147,13,2,85.38337898415193,1
147,10,14,97.1697306593404,1
147,11,15,97.1697306593404,1
147,12,15,97.1697306593404,1
148,1,13,116.7481543152511,1
148,1,14,116.7481543152511,1
148,1,15,116.7481543152511,1
148,1,13,116.95337668913403,1
149,10,1,92.374590517808,1
149,11,1,92.374590517808,1
149,12,1,92.374590517808,1
149,13,1,92.28729360496985,1
149,2,13,99.67559805828454,1
149,2,14,99.67559805828454,2
149,10,14,97.45741722755506,1
149,11,14,97.45741722755506,1
149,12,14,97.45741722755506,1
150,14,1,93.63300663922851,1
150,15,1,93.63300663922851,1
150,13,1,93.59191562598949,1
150,14,1,93.59191562598949,1
150,2,13,104.76398724694756,4
150,2,14,104.76398724694756,1
152,1,13,97.65197522513097,1
152,1,14,97.65197522513097,1
152,1,15,97.65197522513097,1
152,1,13,97.67860246572627,1
152,1,14,97.67860246572627,1
152,2,15,105.84192024942676,1
152,2,14,105.90733819856894,1
152,3,14,115.0331175666599,2
152,3,15,115.0331175666599,2
152,14,13,96.88881365758107,1
152,15,14,96.88881365758107,1
153,1,15,108.78840295289459,1
153,1,15,108.88710495278087,1
153,3,15,115.28218151684831,1
153,13,10,96.54983023843056,1
153,13,11,96.54983023843056,1
153,13,12,96.54983023843056,1
154,14,2,93.00339797167635,2
154,3,14,106.13435367557278,3
155,14,2,94.92985266541157,1
155,15,2,94.92985266541157,2
155,3,10,102.1201415185916,1
155,3,11,102.1201415185916,1
155,3,12,102.1201415185916,1
155,3,13,102.1663063039116,2
155,15,10,96.66485858235524,1
155,13,11,96.72248801317923,1
155,14,12,96.72248801317923,1
156,15,1,73.03456956603938,1
156,3,1,72.74534425623422,2
157,3,1,90.8307383722769,1
157,15,1,90.77882137934792,4
157,15,2,79.39348437068834,4
157,13,10,96.4853501718062,1
157,13,11,96.4853501718062,1
157,13,12,96.4853501718062,1
158,3,10,107.41291902322283,1
158,3,11,107.41291902322283,1
158,14,10,96.59017701166428,1
158,14,11,96.59017701166428,1
158,14,12,96.59017701166428,1
158,13,12,96.74764830144355,1
159,14,10,96.7131059089844,1
159,15,11,96.7131059089844,1
159,15,12,96.6605874521417,1
160,13,2,92.1808533858397,1
160,14,2,92.1808533858397,1
160,15,2,92.1808533858397,1
160,15,10,96.67819006226104,1
160,15,11,96.67819006226104,1
160,13,12,96.77480323383159,1
161,14,10,96.77920388636144,1
161,15,11,96.77920388636144,1
162,3,12,102.51086569367493,1
162,3,13,102.60570732460793,1
162,3,14,102.60570732460793,1
162,3,15,102.60570732460793,1
162,3,13,102.61198945377123,1
162,13,10,96.39189810006506,1
162,13,11,96.39189810006506,1
162,13,12,96.39189810006506,1
163,1,14,105.82426108369044,1
163,1,15,105.82426108369044,1
163,1,14,105.86685128947995,1
163,13,6,90.48940197851985,2
163,14,6,90.48940197851985,1
163,14,7,90.48940197851985,3
163,14,8,90.48940197851985,1
163,15,8,90.48940197851985,2
163,15,9,90.48940197851985,3
163,13,10,96.68568233865619,1
163,14,11,96.68568233865619,1
163,15,12,96.68568233865619,1
164,2,14,102.50945644520161,1
164,2,15,102.50945644520161,2
164,2,15,102.73744669918364,2
164,3,15,98.81228720578997,5
164,13,10,96.49953986051354,1
164,13,11,96.49953986051354,1
164,13,12,96.49953986051354,1
165,14,2,73.0431244608144,3
165,15,2,73.0431244608144,1
166,1,10,120.57470543931204,1
166,1,11,120.57470543931204,1
166,1,12,120.57470543931204,1
166,15,10,96.63551691650434,1
166,15,11,96.63551691650434,1
166,13,12,96.70364169405482,1
167,14,1,91.08198372746386,1
167,15,1,91.08198372746386,1
167,3,1,90.68681892001868,2
168,13,10,96.39737039882064,1
168,13,11,96.39737039882064,1
168,13,12,96.39737039882064,1
169,13,10,96.54354649744147,1
169,13,11,96.54354649744147,1
169,14,12,96.54354649744147,1
169,13,10,96.7337656276763,1
169,13,11,96.7337656276763,1
169,14,12,96.7337656276763,1
170,2,13,112.33081351083635,1
170,2,14,112.33081351083635,1
170,2,15,112.33081351083635,1
171,13,2,72.80178736465922,1
171,14,2,72.80178736465922,1
171,3,13,106.36475285250424,1
171,3,14,106.36475285250424,1
171,3,15,106.36475285250424,1
172,1,13,106.99047231995517,1
172,1,14,106.99047231995517,1
172,1,15,106.99047231995517,1
172,6,15,102.05237305860939,1
172,6,2,102.30760923532478,1
172,7,2,102.30760923532478,2
172,8,2,102.30760923532478,2
172,9,1,102.72527301420627,2
173,2,1,104.86078419013195,3
173,6,13,102.14252195447769,1
173,7,13,102.14252195447769,1
173,8,13,102.14252195447769,1
173,9,13,102.14252195447769,1
173,10,13,97.68327045140704,1
173,11,13,97.68327045140704,1
173,12,13,97.68327045140704,1
174,13,1,73.30682528641454,1
174,14,1,73.30682528641454,1
174,15,1,73.30682528641454,1
174,15,1,73.29579117488613,1
174,3,13,118.11280559402701,1
174,10,13,97.1470240739678,1
174,11,13,97.1470240739678,1
174,12,14,97.1470240739678,1
175,14,2,83.89089072285499,1
175,15,2,83.89089072285499,2
175,14,2,83.8176562045079,2
175,3,14,97.98822992169156,1
175,10,15,97.03146717664305,1
175,11,15,97.03146717664305,1
175,12,13,96.97380405422551,1
176,14,1,91.28788959799923,2
176,2,14,119.49130167448133,1
176,2,15,119.49130167448133,1
176,2,13,119.72747557500782,1
177,10,2,84.74276172690065,1
177,11,2,84.74276172690065,1
177,12,2,84.74276172690065,1
177,13,3,75.13129113235892,1
177,14,3,75.13129113235892,1
177,10,13,97.1734862906844,1
177,11,13,97.1734862906844,1
177,12,14,97.1734862906844,1
178,15,1,92.79945746034034,1
178,3,14,117.2635390556022,1
178,3,15,117.2635390556022,2
178,3,13,117.43324084013037,2
178,10,13,96.99676907040569,1
178,11,14,96.99676907040569,1
178,12,15,96.99676907040569,1
179,15,3,79.32192969432145,2
179,10,13,97.05286652530665,1
179,11,14,97.05286652530665,1
179,12,15,97.05286652530665,1
180,1,13,102.29236628579193,2
180,1,14,102.29236628579193,3
180,15,2,81.63341496912253,1
180,10,13,97.05286652530665,1
180,11,14,97.05286652530665,1
180,12,15,97.05286652530665,1
181,15,1,77.30486882870149,2
181,3,1,77.0119307553131,1
181,2,14,113.7963692751812,1
181,3,6,92.85179120971429,1
181,3,7,92.85179120971429,1
181,2,8,92.70544563839903,1
181,2,9,92.70544563839903,1
181,10,13,97.05286652530665,1
181,11,14,97.05286652530665,1
181,12,15,97.05286652530665,1
182,2,3,79.93163969162177,1
182,13,3,79.74196946582566,4
183,13,1,95.89641027980656,2
183,13,6,89.88871424740469,3
183,13,7,89.88871424740469,1
183,14,7,89.88871424740469,2
183,14,8,89.88871424740469,3
183,14,9,89.88871424740469,1
183,15,9,89.88871424740469,2
184,15,2,95.91807881889162,3
184,6,13,104.42176196443533,1
184,6,14,104.42176196443533,1
184,6,15,104.42176196443533,1
184,7,14,104.64067170810901,3
184,8,14,104.64067170810901,2
184,8,15,104.64067170810901,1
184,9,15,104.64067170810901,3
185,1,15,98.29744297498709,2
185,13,2,81.52327471870916,1
185,14,2,81.52327471870916,1
185,15,2,81.52327471870916,1
185,15,2,81.39678918122537,1
186,13,10,96.14857739918025,1
186,13,11,96.14857739918025,1
186,13,12,96.14857739918025,1
187,13,2,94.04249382136858,3
187,13,10,96.6564217222138,1
187,14,11,96.6564217222138,1
187,15,12,96.6564217222138,1
188,2,13,106.370294580581,2
188,2,14,106.370294580581,2
188,2,15,106.370294580581,1
188,13,3,80.66511241108378,2
188,13,10,96.6564217222138,1
188,14,11,96.6564217222138,1
188,15,12,96.6564217222138,1
189,14,2,93.51844385212216,3
189,13,10,96.6564217222138,1
189,14,11,96.6564217222138,1
189,15,12,96.6564217222138,1
190,13,10,96.6564217222138,1
190,14,11,96.6564217222138,1
190,15,12,96.6564217222138,1
191,1,15,99.50988851207467,1
191,1,15,99.69717687137741,3
191,14,3,86.86055435417444,2
191,13,10,96.6564217222138,1
191,14,11,96.6564217222138,1
191,15,12,96.6564217222138,1
192,1,3,117.22805342231814,2
192,1,13,117.5161928634911,1
192,1,14,117.5161928634911,1
192,14,3,77.89963769972046,3
193,15,2,85.38891127170754,5
193,15,3,90.19555237704029,2
194,13,1,81.14892411334608,1
194,2,13,100.45375099879601,4
195,14,2,95.45972712581103,1
195,15,2,95.45972712581103,1
195,15,2,95.26923096966829,1
195,13,2,94.59120116588517,2
195,3,13,96.94525306664751,1
195,3,14,96.94525306664751,1
195,3,15,96.94525306664751,1
195,3,13,96.91888029834544,1
195,3,14,96.91888029834544,1
196,13,2,91.54902112842834,3
196,13,10,96.11269354265912,1
196,13,11,96.11269354265912,1
196,13,12,96.11269354265912,1
196,13,3,96.3751115257994,1
197,13,2,90.63879768811198,3
197,13,6,88.81823206694918,1
197,14,6,88.81823206694918,2
197,14,7,88.81823206694918,3
197,14,8,88.81823206694918,3
197,15,9,88.81823206694918,3
198,13,2,75.45836072553935,1
198,6,15,108.37540071348337,1
198,6,13,108.5072645549937,1
198,6,14,108.5072645549937,3
198,7,14,108.5072645549937,2
198,7,15,108.5072645549937,3
198,8,15,108.5072645549937,2
198,8,10,108.54427927406743,1
198,8,11,108.54427927406743,1
198,8,12,108.54427927406743,1
198,9,14,109.4078644451424,5
199,13,1,90.2349375848525,1
199,14,1,90.2349375848525,1
199,2,14,100.60975060585912,4
199,3,14,122.6454089988623,3
199,10,13,97.69222359263557,1
199,11,13,97.69222359263557,1
199,12,13,97.69222359263557,1
200,1,13,120.65636772141642,1
200,15,2,95.76789075401868,1
200,13,2,95.72626246973101,1
200,14,2,95.72626246973101,2
200,15,2,95.72626246973101,1
200,3,13,101.43208269349917,2
200,10,13,97.0734980438209,1
200,11,13,97.0734980438209,1
200,12,13,97.0734980438209,1
201,2,14,101.38736874986654,1
201,10,14,96.94945269284813,1
201,11,14,96.94945269284813,1
201,12,15,96.94945269284813,1
201,15,13,96.76081153301388,1
202,2,14,102.20733852780117,1
202,10,15,96.77311939566154,1
203,11,2,95.515357470275,1
203,12,2,95.515357470275,1
203,13,2,95.4438868695612,1
203,14,2,95.4438868695612,1
203,15,2,95.4438868695612,1
203,3,15,106.14573757622124,2
203,3,13,106.35170480285728,3
203,10,13,96.89679701996559,1
203,11,14,96.89679701996559,1
203,12,15,96.89679701996559,1
204,3,13,107.39997456564355,2
204,3,14,107.39997456564355,3
204,15,6,92.52617665482975,2
204,15,7,92.52617665482975,2
204,15,8,92.52617665482975,1
204,13,8,91.86012410622723,1
204,13,9,91.86012410622723,2
204,10,13,96.91718383632076,1
204,11,14,96.91718383632076,1
204,12,15,96.91718383632076,1
205,1,14,110.94266163246719,3
205,6,14,108.0210525101717,5
205,7,15,108.0210525101717,5
205,8,15,108.0210525101717,5
205,9,15,108.0210525101717,1
205,9,3,108.07459405428477,2
205,9,4,108.67431788167988,2
206,1,5,104.46504455799612,1
206,13,2,89.74573283929436,4
206,14,2,89.74573283929436,1
206,14,6,94.42272484851568,1
206,14,7,94.42272484851568,1
206,14,8,94.42272484851568,1
206,15,9,94.42272484851568,1
208,15,2,73.32661389443689,2
208,3,13,104.3196294474356,1
208,3,14,104.3196294474356,1
209,13,2,85.63004702638523,1
209,14,2,85.63004702638523,1
210,2,15,104.32688878974307,1
210,2,13,104.51338895564817,2
211,13,1,85.88525493077456,1
211,14,1,85.88525493077456,1
211,2,13,119.17164674558157,1
211,2,14,119.17164674558157,1
211,2,15,119.17164674558157,1
211,2,13,119.37394219682146,2
211,6,13,102.76486847345484,3
211,7,13,102.76486847345484,1
211,7,14,102.76486847345484,2
211,8,14,102.76486847345484,3
211,9,14,102.76486847345484,3
211,15,10,96.59847533728602,1
211,15,11,96.57381153237284,1
212,15,2,81.25328212865969,1
212,3,2,81.18786237643403,3
212,13,12,96.54491740299324,1
213,13,2,87.57520019202067,1
213,14,2,87.57520019202067,2
213,15,2,87.57520019202067,2
213,13,10,96.55761990721636,1
213,14,11,96.55761990721636,1
213,15,12,96.55761990721636,1
214,3,2,86.39770346272874,1
214,13,2,85.78926687832632,4
214,13,3,94.51739732778935,4
214,13,10,96.4563694561848,1
214,14,11,96.4563694561848,1
214,15,12,96.4563694561848,1
215,13,2,72.56474153873381,2
215,13,3,81.65553014085415,4
215,13,10,96.00065045446738,1
215,13,11,96.00065045446738,1
215,13,12,96.00065045446738,1
216,1,13,113.40274737323544,1
216,1,14,113.40274737323544,1
216,1,15,113.40274737323544,1
216,1,15,113.60899164580903,1
216,13,2,76.79022923220371,3
216,13,10,96.44938492711441,1
216,14,11,96.44938492711441,1
216,15,12,96.44938492711441,1
217,13,2,73.77618511549134,1
217,14,2,73.77618511549134,4
217,14,3,83.85486769025073,3
217,15,3,83.85486769025073,2
218,15,1,84.93403888004204,5
218,3,10,102.74972049724258,1
218,3,11,102.74972049724258,1
218,3,12,102.74972049724258,1
218,3,13,102.84449925575237,1
218,13,10,96.37918799201344,1
218,13,11,96.37918799201344,1
218,14,12,96.37918799201344,1
219,14,2,86.74524456556736,1
219,3,14,108.22896593974147,1
219,3,15,108.22896593974147,1
219,3,2,108.34389471275897,1
219,15,10,96.48953006621993,1
219,15,11,96.48953006621993,1
219,13,12,96.54481166652377,1
220,1,2,112.88972244808625,4
220,1,15,112.9799800637667,1
220,14,3,93.9186397137832,1
220,15,3,93.9186397137832,1
220,13,3,93.13789902531707,3
221,1,10,95.68329645872842,1
221,1,11,95.68329645872842,1
221,1,12,95.68329645872842,1
222,13,10,96.25755659526865,1
222,13,11,96.25755659526865,1
222,13,12,96.25755659526865,1
223,1,10,98.49765465650512,1
223,1,11,98.49765465650512,1
223,2,12,107.4924486415707,1
223,2,13,107.56447586487556,1
223,2,14,107.56447586487556,1
223,13,10,96.4775647642996,1
223,13,11,96.4775647642996,1
223,14,12,96.4775647642996,1
224,13,1,72.72094128067477,1
224,2,15,105.11560784173963,1
224,14,6,88.37743027071639,1
224,15,6,88.37743027071639,1
224,14,6,88.34073778088467,1
224,15,6,88.34073778088467,1
224,15,7,88.34073778088467,1
224,13,7,88.19396782155782,3
224,13,8,88.19396782155782,2
224,14,8,88.19396782155782,2
224,14,9,88.19396782155782,4
224,13,10,96.59568831927061,1
224,14,11,96.59568831927061,1
224,15,12,96.59568831927061,1
225,6,15,109.370475020278,6
225,7,14,110.28707921893434,6
225,8,15,110.28707921893434,6
225,9,15,110.28707921893434,6
225,13,10,96.59485021276825,1
225,14,11,96.59485021276825,1
225,15,12,96.59485021276825,1
226,14,1,73.83446148330947,2
226,2,15,105.1867386463388,4
226,15,3,80.87016650940275,3
227,15,1,80.26481523041313,4
227,2,13,120.55353590966186,5
227,3,13,111.67061643866434,3
227,10,13,96.80396965171744,1
227,11,14,96.80396965171744,1
227,12,15,96.80396965171744,1
228,1,13,120.21880620807454,1
228,1,14,120.21880620807454,1
228,10,13,96.80396965171744,1
228,11,14,96.80396965171744,1
228,12,15,96.80396965171744,1
229,2,14,101.36796106447346,4
229,3,14,105.49193175633742,4
229,3,15,105.49193175633742,1
229,10,13,96.80396965171744,1
229,11,14,96.80396965171744,1
229,12,15,96.80396965171744,1
230,1,15,98.03920680295082,5
230,10,13,96.80396965171744,1
230,11,14,96.80396965171744,1
230,12,15,96.80396965171744,1
231,1,15,118.26368939486147,3
231,1,15,119.15933683458898,1
231,15,2,83.03245965399192,1
231,1,2,82.75115235626808,1
231,14,2,82.44537981668451,1
231,6,15,105.26566120787015,2
231,6,3,105.30291655392782,1
231,7,3,105.30291655392782,2
231,7,1,105.31862665372576,1
231,8,1,105.31862665372576,2
231,8,4,105.35914959119773,1
231,9,4,105.35914959119773,1
231,9,5,105.35914959119773,2
231,10,13,96.80396965171744,1
231,11,14,96.80396965171744,1
231,12,15,96.80396965171744,1
232,1,3,109.4202560593701,2
232,2,1,114.04127324310906,2
232,2,1,114.05119829771101,1
232,10,13,97.11067933050904,1
232,11,13,97.11067933050904,1
232,12,13,97.11067933050904,1
233,2,13,115.27300862943663,1
233,2,14,115.27300862943663,3
234,13,1,90.23506337315136,3
234,13,3,74.8765243473151,3
234,14,3,74.8765243473151,2
235,10,2,93.27935613030186,1
235,11,2,93.27935613030186,1
235,10,14,96.98265152251471,1
235,11,15,96.98265152251471,1
235,12,15,96.98265152251471,1
235,12,13,96.80038429986843,1
236,1,14,99.02991249336691,1
236,1,15,99.02991249336691,1
236,1,15,99.09379862510059,1
236,10,15,96.9106021999114,1
236,11,13,96.81076331238762,1
236,12,14,96.81076331238762,1
237,13,1,79.58205315666707,1
237,14,1,79.58205315666707,1
237,15,1,79.58205315666707,1
237,14,1,79.42568844547374,1
237,2,15,116.70255147534665,1
237,2,4,117.91797377341476,1
237,2,5,117.91797377341476,1
237,2,1,117.94797123955078,2
237,14,3,88.03587954252231,1
238,1,4,104.10455026189337,2
238,1,5,104.10455026189337,1
238,2,1,116.87565169992531,2
238,2,1,117.19716472730656,2
238,10,13,97.76399866348716,1
238,11,13,97.76399866348716,1
238,12,13,97.76399866348716,1
239,10,1,94.2056296770216,1
239,3,13,116.73272003622128,5
239,10,13,97.10336312170706,1
239,11,13,97.10336312170706,1
239,12,13,97.10336312170706,1
240,1,13,114.86329991849985,1
240,1,14,114.86329991849985,2
240,11,2,89.47432564243597,1
240,6,14,111.05985151441668,2
240,6,15,111.05985151441668,4
240,6,13,111.27977013684679,1
240,7,13,111.27977013684679,3
240,7,14,111.27977013684679,4
240,8,14,111.27977013684679,7
240,9,14,111.27977013684679,1
240,9,15,111.27977013684679,6
240,10,13,96.93820423626204,1
240,11,14,96.93820423626204,1
240,12,15,96.93820423626204,1
241,12,1,77.32169306895804,1
241,13,1,77.22758019579032,1
241,14,1,77.22758019579032,1
241,15,1,77.22758019579032,1
241,14,1,77.05708402867961,1
241,14,3,77.66388519732635,1
241,15,3,77.66388519732635,2
241,10,13,97.10336312170706,1
241,11,13,97.10336312170706,1
241,12,13,97.10336312170706,1
242,15,2,94.80777944973669,2
242,3,13,110.43451604963164,1
242,3,14,110.43451604963164,3
243,1,14,108.58677824248824,1
243,1,15,108.58677824248824,1
243,3,15,103.21380148592982,3
243,10,6,82.42951405503723,1
243,11,6,82.42951405503723,1
243,12,6,82.42951405503723,1
243,13,6,82.3502004713367,1
243,14,6,82.3502004713367,1
243,15,6,82.3502004713367,1
243,15,6,82.19444463238055,1
243,15,7,82.19444463238055,1
243,10,7,82.11737935376911,1
243,11,7,82.11737935376911,1
243,12,7,82.11737935376911,1
243,14,7,81.5689857876072,3
243,14,8,81.5689857876072,7
243,14,9,81.5689857876072,7
244,14,1,93.29152876258425,1
244,3,13,106.05824269074813,1
245,2,14,112.01560669396173,1
245,2,15,112.01560669396173,1
245,2,15,112.29788987640482,2
245,13,10,96.48738689171506,1
245,14,11,96.48738689171506,1
245,15,12,96.48738689171506,1
246,1,15,105.61349131278612,4
246,1,4,106.4226837865099,1
247,1,13,110.47256481925977,1
247,1,14,110.47256481925977,1
247,1,15,110.47256481925977,1
247,1,4,111.71654830954547,1
247,1,5,111.71654830954547,1
248,13,1,72.82562268656501,1
248,14,1,72.82562268656501,1
248,15,1,72.82562268656501,1
248,13,2,84.30927731185142,4
248,10,13,97.61007925412149,1
248,11,13,97.61007925412149,1
248,12,13,97.61007925412149,1
249,13,2,75.79638344808228,1
249,6,13,105.46513598098154,4
249,7,13,105.46513598098154,3
249,7,14,105.46513598098154,1
249,8,14,105.46513598098154,4
249,9,14,105.46513598098154,4
251,2,13,97.98414891028209,1
251,2,14,97.98414891028209,1
251,2,15,97.98414891028209,1
251,13,3,74.63964250877916,2
253,13,1,94.14927803424659,1
253,14,1,94.14927803424659,1
253,15,1,94.14927803424659,1
253,14,1,94.09547483386476,2
253,14,10,96.29004287293456,1
253,14,11,96.29004287293456,1
253,14,12,96.29004287293456,1
254,1,13,100.36829873158372,1
254,1,14,100.36829873158372,1
254,1,15,100.36829873158372,1
254,1,13,100.4325555575206,2
254,13,10,96.36904950999526,1
254,14,11,96.36904950999526,1
254,15,12,96.36904950999526,1
255,2,13,101.17303264454068,1
255,2,14,101.17303264454068,1
255,14,10,96.25727652104828,1
255,14,11,96.25727652104828,1
255,15,12,96.25727652104828,1
256,3,15,99.11134258345282,1
256,3,13,99.18746024084408,1
256,3,14,99.18746024084408,1
256,13,10,96.3385233591689,1
256,14,11,96.3385233591689,1
256,15,12,96.3385233591689,1
257,13,6,85.63443979177201,1
257,14,6,85.63443979177201,1
257,15,6,85.63443979177201,1
257,15,6,85.56668892609437,2
257,15,7,85.56668892609437,4
257,14,7,84.95743009356144,1
257,14,8,84.95743009356144,5
257,14,9,84.95743009356144,5
258,1,10,102.54884794942899,1
258,1,11,102.54884794942899,1
258,1,12,102.54884794942899,1
258,1,13,102.62620641959788,1
258,1,14,102.62620641959788,1
258,14,6,85.58455939986864,5
258,14,7,85.58455939986864,2
258,15,7,85.58455939986864,3
258,15,8,85.58455939986864,5
258,15,9,85.58455939986864,5
258,13,10,95.80869631695269,1
258,13,11,95.80869631695269,1
258,13,12,95.80869631695269,1
259,13,1,79.04201390241815,3
259,13,3,86.27617587728767,1
259,14,3,86.27617587728767,3
259,13,10,96.23787377123097,1
259,14,11,96.23787377123097,1
259,15,12,96.23787377123097,1
260,14,1,73.0104636848296,1
260,13,10,96.23787377123097,1
260,14,11,96.23787377123097,1
260,15,12,96.23787377123097,1
261,14,2,94.41679734804141,3
261,15,2,94.41679734804141,1
261,15,3,75.70108693006789,4
261,13,10,96.23787377123097,1
261,14,11,96.23787377123097,1
261,15,12,96.23787377123097,1
262,1,15,99.87497346579902,1
262,1,14,99.93574337541195,2
262,15,3,77.92528729667688,2
262,13,10,96.23787377123097,1
262,14,11,96.23787377123097,1
262,15,12,96.23787377123097,1
263,1,15,116.80781865903964,3
263,2,14,101.65433837258374,1
263,2,15,101.65433837258374,2
263,13,10,95.91215447340929,1
263,13,11,95.91215447340929,1
263,13,12,95.91215447340929,1
264,1,15,116.56926498333192,4
264,13,2,82.55834437734636,3
264,14,2,82.55834437734636,1
264,3,15,108.20231663221912,3
265,3,10,102.26743006088016,1
265,14,10,96.1486202815716,1
265,14,11,96.1486202815716,1
265,14,12,96.1486202815716,1
266,13,1,96.0867591684785,1
266,14,1,96.0867591684785,1
266,15,1,96.0867591684785,1
266,14,1,95.96828932470981,1
266,14,3,82.37673336882577,1
266,15,3,82.37673336882577,1
266,15,6,92.07916336599013,2
266,15,7,92.07916336599013,2
266,15,8,92.07916336599013,1
266,15,8,91.54898913470052,1
266,15,9,91.54898913470052,2
266,13,10,96.35582403832306,1
266,14,11,96.35582403832306,1
266,15,12,96.35582403832306,1
267,13,10,95.86998962610438,1
267,13,11,95.86998962610438,1
267,13,12,95.86998962610438,1
268,13,2,83.97303396789798,1
268,3,11,109.79769447412852,1
268,3,12,109.79769447412852,1
268,3,13,109.83421818003254,1
268,13,10,96.1275237842051,1
268,13,11,96.1275237842051,1
268,14,12,96.1275237842051,1
269,1,13,119.33926462078705,1
269,1,14,119.33926462078705,1
269,13,3,73.53168165384847,1
269,14,3,73.53168165384847,1
269,15,3,73.53168165384847,1
270,3,10,106.05431824130656,1
270,3,11,106.05431824130656,1
270,3,12,106.05431824130656,1
270,3,13,106.14453885676761,1
270,14,10,96.0738266589978,1
270,14,11,96.0738266589978,1
270,14,12,96.0738266589978,1
271,2,14,113.40014816975076,1
271,2,15,113.40014816975076,1
271,2,14,113.454060729547,1
271,2,15,113.454060729547,1
271,3,15,116.18858361294812,1
271,3,15,116.51918526738832,1
271,3,2,116.5379911908362,2
271,3,5,117.20698123452746,1
271,6,4,105.10342044831435,1
271,6,5,105.10342044831435,1
271,6,1,105.70355486006505,1
271,7,1,105.70355486006505,2
271,7,3,106.225699738374,1
271,8,3,106.225699738374,2
271,8,2,106.23272686213227,1
271,9,2,106.23272686213227,2
271,9,2,106.27312580517332,1
272,2,13,98.78717727223439,2
272,10,13,98.3067162627338,1
272,11,13,98.3067162627338,1
272,12,13,98.3067162627338,1
273,6,13,105.43248359510892,4
273,7,13,105.43248359510892,4
273,8,13,105.43248359510892,4
273,9,13,105.43248359510892,4
273,10,13,96.98223320427097,1
273,11,13,96.98223320427097,1
273,12,13,96.98223320427097,1
274,3,13,117.98411498578949,2
274,10,14,96.76133905903464,1
274,11,14,96.76133905903464,1
274,12,14,96.76133905903464,1
275,3,13,119.22377194637576,1
275,3,14,119.22377194637576,1
275,3,15,119.22377194637576,1
275,3,14,119.33399856575517,2
275,10,13,96.56833224850132,1
275,11,14,96.56833224850132,1
275,12,15,96.56833224850132,1
276,3,15,115.00909209018576,4
276,10,15,96.76133905903464,1
276,11,13,96.65111243965525,1
276,12,14,96.65111243965525,1
277,2,15,105.02803669746514,1
277,10,13,96.56833224850132,1
277,11,14,96.56833224850132,1
277,12,15,96.56833224850132,1
278,13,1,75.75225951968127,1
278,14,1,75.75225951968127,1
278,15,3,87.67029043021557,1
278,13,3,87.62220458585765,2
278,10,13,96.79133841171753,1
278,11,13,96.79133841171753,1
278,12,13,96.79133841171753,1
279,1,14,96.88748010582162,2
279,14,3,83.67111726666803,2
279,15,6,90.63554404314411,2
279,14,7,90.53342128117345,2
279,15,8,90.53342128117345,2
279,15,9,90.53342128117345,2
279,10,14,96.64186420160297,1
279,11,15,96.64186420160297,1
279,12,15,96.64186420160297,1
280,1,13,113.61012527807871,1
280,1,14,113.61012527807871,1
280,1,15,113.61012527807871,1
280,15,2,79.54167057360422,2
280,15,2,79.02557005636831,1
280,15,3,90.31221220232747,2
281,2,15,107.74915124981453,1
281,10,3,94.11406361521892,1
281,11,3,94.11406361521892,1
281,10,13,96.62611250502977,1
281,11,14,96.62611250502977,1
281,12,15,96.62611250502977,1
282,1,2,98.40325532960506,2
282,1,13,98.65744280304503,2
282,12,2,96.03699266680479,1
282,13,2,95.98068505247679,1
282,14,2,95.98068505247679,1
282,15,2,95.98068505247679,1
282,10,2,96.29015819487299,1
282,11,13,96.81406217523042,1
282,12,13,96.81406217523042,1
285,13,1,86.86913988362446,1
286,1,13,110.52759552984708,1
286,14,2,78.05499700207199,1
286,15,2,78.05499700207199,1
286,13,2,77.9220538783153,2
287,2,13,101.44503214761252,1
287,3,14,115.78576615424647,1
287,3,15,115.78576615424647,1
287,3,14,115.80292570941674,1
287,13,10,96.1394842564342,1
287,13,11,96.1394842564342,1
287,13,12,96.1394842564342,1
288,13,1,75.45408263519333,1
288,14,1,75.45408263519333,1
288,15,1,75.45408263519333,1
288,14,2,89.26008114343787,5
288,13,10,96.34733920921619,1
288,14,11,96.34733920921619,1
288,15,12,96.34733920921619,1
289,1,15,112.88722457534709,1
289,1,13,112.95586279602814,1
289,1,14,112.95586279602814,1
289,15,10,96.14804687446417,1
289,15,11,96.14804687446417,1
289,15,12,96.14804687446417,1
290,1,14,106.16789211568727,2
290,1,15,106.16789211568727,2
290,2,15,103.99608449427727,1
290,2,14,104.49297333831967,2
290,13,3,82.26703554431259,1
290,14,3,82.26703554431259,1
290,15,3,82.26703554431259,1
290,15,3,82.15125197572615,2
290,15,6,89.58223919295135,3
290,15,7,89.58223919295135,3
290,15,8,89.58223919295135,3
290,15,9,89.58223919295135,3
291,1,10,98.30035770690432,1
291,1,11,98.30035770690432,1
291,1,12,98.30035770690432,1
291,1,13,98.3834582614058,1
291,3,14,104.90669291736057,1
291,3,15,104.90669291736057,1
291,3,14,105.47650987087661,2
291,13,10,95.8000774022483,1
291,13,11,95.8000774022483,1
291,13,12,95.8000774022483,1
292,2,14,120.08305303872405,1
293,1,2,83.50592310911446,1
293,13,2,83.25076729459994,3
293,13,3,79.85045130851708,1
293,14,3,79.85045130851708,1
293,13,10,96.2954588200124,1
293,14,11,96.2954588200124,1
293,15,12,96.2954588200124,1
294,2,13,104.56017916517965,3
294,2,14,104.56017916517965,2
294,13,10,96.2954588200124,1
294,14,11,96.2954588200124,1
294,15,12,96.2954588200124,1
295,1,14,106.46576411806686,1
295,1,15,106.46576411806686,2
295,14,2,94.40290809633196,3
295,13,10,96.2954588200124,1
295,14,11,96.2954588200124,1
295,15,12,96.2954588200124,1
296,3,15,98.96455521120842,1
297,2,10,100.98416807891303,1
297,13,3,81.78579125253478,1
297,14,3,81.78579125253478,1
297,15,3,81.78579125253478,1
299,13,6,91.44281820553724,1
299,14,6,91.44281820553724,1
299,15,7,91.44281820553724,1
299,14,7,91.29727453710416,1
299,14,8,91.29727453710416,2
299,15,9,91.29727453710416,2
299,14,13,96.7405124754775,1
299,15,14,96.7405124754775,1
300,15,2,86.07690188036787,3
300,13,15,96.70412655836924,1
300,13,11,96.78542417029155,1
300,13,12,96.78542417029155,1
301,1,3,114.94703877690222,1
302,13,3,81.23251437492786,2
302,10,3,97.42733078582856,1
302,11,3,97.42733078582856,1
302,12,3,97.42733078582856,1
303,13,2,79.74870703683096,1
303,6,14,112.15475012859152,7
303,7,14,112.15475012859152,7
303,8,14,112.15475012859152,4
303,8,15,112.15475012859152,3
303,9,15,112.15475012859152,7
303,10,15,97.67345978738251,1
303,11,15,97.67345978738251,1
303,12,15,97.67345978738251,1
304,1,15,113.24086598449284,3
304,2,15,109.84123827666772,1
304,13,3,77.77388229482467,1
304,10,15,97.69832919205732,1
304,11,15,97.69832919205732,1
304,12,15,97.69832919205732,1
305,2,13,119.680714798458,1
305,2,14,119.680714798458,1
305,3,15,100.08707505127295,1
305,3,15,100.12255404996398,3
305,3,1,100.89960670314255,1
305,10,13,97.63620546534929,1
305,11,14,97.63620546534929,1
305,12,15,97.63620546534929,1
306,14,1,85.50181740499293,1
306,2,1,115.06896776762218,2
306,10,13,98.24641673590338,1
306,11,13,98.24641673590338,1
306,12,13,98.24641673590338,1
307,2,13,108.37451362686988,3
307,10,13,97.78209710098358,1
307,11,13,97.78209710098358,1
307,12,14,97.78209710098358,1
308,1,14,114.20505214788714,1
308,1,15,114.20505214788714,1
308,10,15,97.70465897278956,1
308,11,13,97.66601719225362,1
308,12,14,97.66601719225362,1
309,15,2,81.7826421523765,1
309,13,2,81.73300262208751,1
309,14,2,81.73300262208751,2
309,15,2,81.73300262208751,1
309,3,15,103.8958579228586,1
309,3,13,104.08906682553828,2
309,3,14,104.08906682553828,2
309,10,13,97.63699721507115,1
309,11,14,97.63699721507115,1
309,12,15,97.63699721507115,1
310,1,14,98.1135675910009,2
310,15,2,83.41947241160524,1
310,13,2,83.36756567330409,1
310,13,3,83.7455786040015,1
310,14,3,83.7455786040015,2
310,6,14,103.81926797162485,3
310,7,14,103.81926797162485,1
310,7,15,103.81926797162485,2
310,8,15,103.81926797162485,3
310,9,15,103.81926797162485,3
310,10,13,97.74481781373655,1
310,10,14,97.74481781373655,1
310,11,15,97.74481781373655,1
311,10,13,98.73520684394654,2
311,11,13,98.73520684394654,2
311,12,13,98.73520684394654,2
312,3,13,119.8985844295606,2
312,6,13,109.2934247272774,5
312,7,13,109.2934247272774,1
312,7,14,109.2934247272774,4
312,8,14,109.2934247272774,5
312,9,14,109.2934247272774,5
312,10,15,98.2691741219574,2
312,11,15,98.2691741219574,2
312,12,15,98.2691741219574,2
312,11,13,97.841956645209,1
312,12,13,97.841956645209,2
313,14,1,82.41120358880872,2
313,15,1,82.41120358880872,2
313,3,13,107.74211888302712,2
313,3,14,107.74211888302712,3
313,10,13,97.65338738516647,1
313,10,14,97.65338738516647,1
313,11,15,97.65338738516647,1
314,1,14,109.0902321892479,2
314,1,15,109.0902321892479,1
314,10,15,97.88955658843989,2
314,11,15,97.88955658843989,2
314,12,13,97.8161702236495,2
314,11,14,97.70757607973474,1
314,12,14,97.70757607973474,1
314,12,15,97.70757607973474,1
315,1,15,99.05235201367734,1
315,1,15,99.35828963694533,4
315,15,2,81.09346003590348,2
315,13,2,80.88583308269887,2
316,10,13,97.96320452562745,1
316,11,13,97.96320452562745,1
316,12,13,97.96320452562745,1
317,3,13,120.72801835523296,1
317,3,14,120.72801835523296,2
317,10,14,97.83445180875732,1
317,11,14,97.83445180875732,1
317,12,15,97.83445180875732,1
317,10,13,97.65550782069451,1
317,11,14,97.65550782069451,1
317,12,15,97.65550782069451,1
318,2,15,111.70428168599912,3
318,2,15,111.96127313683769,1
318,10,13,97.70446987818701,1
318,11,14,97.70446987818701,1
318,12,15,97.70446987818701,1
319,10,13,97.89747045776679,1
319,11,13,97.89747045776679,1
319,12,13,97.89747045776679,1
320,13,1,78.61636038583919,1
320,14,1,78.61636038583919,1
320,15,1,78.61636038583919,1
320,13,1,78.3162739419773,2
320,13,2,96.66051718782481,5
320,10,14,97.75775476885997,1
320,11,14,97.75775476885997,1
320,12,14,97.75775476885997,1
321,1,13,106.94060024037529,1
321,1,14,106.94060024037529,1
321,14,3,73.9843701563105,2
322,13,1,85.8373367365134,2
322,14,1,85.8373367365134,2
322,6,15,103.39968629395425,1
322,6,15,103.46940470159237,2
322,7,15,103.46940470159237,1
322,7,15,103.74827833214489,2
322,8,15,103.74827833214489,1
322,8,4,104.5719363879563,1
322,8,5,104.5719363879563,1
322,9,5,104.5719363879563,2
322,9,2,104.82028551286287,1
322,15,10,97.33435237269188,1
322,15,11,97.33435237269188,1
322,13,12,97.39373139814938,1
323,14,2,83.91836556375956,1
323,15,2,83.91836556375956,1
323,14,2,83.62147043647198,3
323,14,3,82.834631143817,3
324,1,13,109.48806485477192,4
324,3,13,101.61620431366188,3
325,2,13,102.35200246829774,1
325,2,14,102.35200246829774,1
325,2,15,102.35200246829774,1
325,3,13,118.88833736318975,1
325,14,6,92.93478825049257,2
325,14,7,92.93478825049257,2
325,15,8,92.93478825049257,2
325,15,9,92.93478825049257,2
325,13,10,97.20967459390576,1
325,13,11,97.20967459390576,1
325,14,12,97.20967459390576,1
326,14,2,76.68731072929059,1
326,15,2,76.68731072929059,1
326,3,13,112.21980163566458,5
326,6,13,111.51387478125415,1
326,6,14,111.51387478125415,5
326,7,14,111.51387478125415,6
326,8,14,111.51387478125415,3
326,8,15,111.51387478125415,3
326,9,15,111.51387478125415,6
327,15,10,97.35654335957577,1
327,13,11,97.43012490550262,1
327,14,12,97.43012490550262,1
328,15,1,74.2222023543382,1
328,15,1,73.91315986144538,3
328,6,13,99.89899086935009,1
328,7,13,99.89899086935009,1
328,8,14,99.89899086935009,1
328,9,14,99.89899086935009,1
329,13,10,97.15385933122761,1
329,13,11,97.15385933122761,1
329,13,12,97.15385933122761,1
330,14,1,75.25630393926595,3
330,15,1,75.25630393926595,2
330,2,10,99.16101830859219,1
330,2,11,99.16101830859219,1
330,2,12,99.16101830859219,1
330,15,10,97.26205800995973,1
330,13,11,97.31626576483555,1
330,14,12,97.31626576483555,1
331,1,13,101.82925423801333,1
331,1,14,101.82925423801333,1
331,1,15,101.82925423801333,1
331,1,15,101.88242829062888,2
331,15,3,93.52286926362945,1
331,15,3,93.25183048925035,3
331,13,10,97.41694533282603,1
331,14,11,97.41694533282603,1
331,15,12,97.41694533282603,1
332,2,15,115.76511613587688,5
332,3,4,109.97562078347246,1
333,15,1,88.57922719290788,1
333,2,10,105.09913728936905,1
333,13,10,97.1453509881946,1
333,13,11,97.1453509881946,1
333,13,12,97.1453509881946,1
334,14,1,88.6606009577635,1
334,3,11,117.80393278127508,1
334,3,12,117.80393278127508,1
334,3,13,117.8898120946411,1
334,14,10,97.2521325563882,1
334,14,11,97.2521325563882,1
334,15,12,97.2521325563882,1
335,13,1,89.94911062882085,1
335,14,1,89.94911062882085,1
335,6,14,106.34119257045376,1
335,6,15,106.34119257045376,1
335,6,4,107.53281127462171,1
335,6,5,107.53281127462171,1
335,7,2,107.77001240881886,1
335,7,2,107.84519842593735,2
335,7,3,107.9357833870383,1
335,8,2,108.14013388833357,1
335,8,1,108.56568985997562,1
335,8,1,108.6773542072755,2
335,9,3,108.70581917591468,1
335,9,3,108.71832436040006,3
335,15,10,97.37517950546236,1
335,15,11,97.32168172580624,1
335,15,12,97.32168172580624,1
336,10,13,99.42500799135485,1
336,11,13,99.42500799135485,1
336,12,13,99.42500799135485,1
337,13,1,95.1890171217146,1
337,14,1,95.1890171217146,1
337,2,13,113.5859349160393,2
337,3,13,105.71440130081437,5
337,10,13,98.07160803710218,1
337,11,13,98.07160803710218,1
337,12,13,98.07160803710218,1
338,10,13,97.8458912005241,1
338,11,13,97.8458912005241,1
338,12,14,97.8458912005241,1
339,1,13,101.87134612313653,1
339,1,14,101.87134612313653,1
339,1,15,101.87134612313653,1
339,1,14,101.98397927512161,2
339,6,14,110.84226127468315,2
339,6,15,110.84226127468315,4
339,7,15,110.84226127468315,1
339,7,13,111.29279388262346,5
339,8,13,111.29279388262346,6
339,9,13,111.29279388262346,2
339,9,14,111.29279388262346,4
339,10,13,97.64867055139823,1
339,11,14,97.64867055139823,1
339,12,15,97.64867055139823,1
340,15,3,89.99169057789146,1
340,15,6,83.65872422900105,1
340,2,6,83.44902775704041,1
340,15,6,83.24507319664599,2
340,4,6,83.03747060547781,3
340,5,7,83.03747060547781,1
340,15,7,82.75230786761304,6
340,1,8,82.69318083653985,5
340,2,8,82.66401916659548,2
340,2,9,82.66401916659548,1
340,2,9,82.3836616603837,2
340,1,9,82.03824950297022,4
340,10,13,98.07160803710218,1
340,11,13,98.07160803710218,1
340,12,13,98.07160803710218,1
341,2,1,91.38556185506548,1
341,2,1,91.20093830775811,2
341,3,2,86.93981025805043,3
341,13,10,96.09773381309968,1
341,13,11,96.09773381309968,1
341,13,12,96.09773381309968,1
342,1,13,109.52659371568387,2
342,1,14,109.52659371568387,3
342,13,3,88.64251581514335,1
342,13,10,97.20984443697274,1
342,13,11,97.20984443697274,1
342,14,12,97.20984443697274,1
343,14,2,84.40669657803416,1
343,15,2,84.40669657803416,1
344,2,13,110.13286492536156,1
344,2,14,110.13286492536156,1
344,6,15,101.82546394992023,1
344,6,14,101.95480098556229,1
344,7,14,101.95480098556229,1
344,7,15,101.95480098556229,1
344,8,15,101.95480098556229,2
344,9,15,101.95480098556229,2
346,13,3,95.96691116644683,1
346,14,3,95.96691116644683,1
346,15,3,95.96691116644683,1
346,15,3,95.90644580721039,1
348,13,2,85.09578293496565,1
348,14,2,85.09578293496565,1
348,15,2,85.09578293496565,1
348,3,2,84.93690272470008,2
349,2,13,117.76496328929805,1
349,2,14,117.76496328929805,1
349,2,15,117.76496328929805,1
349,14,13,97.43001344054021,1
349,15,13,97.43001344054021,1
350,13,2,85.96576049392215,1
350,3,13,110.31286981443887,2
350,3,14,110.31286981443887,2
350,13,10,96.91947855899876,1
350,14,11,96.91947855899876,1
350,15,12,96.91947855899876,1
351,13,1,90.91450939551413,3
351,2,14,117.53255761284638,2
351,2,15,117.53255761284638,3
351,3,15,115.56302513559413,1
351,3,13,115.80745564351635,4
351,6,13,106.55405460953253,1
351,6,14,106.55405460953253,3
351,7,14,106.55405460953253,2
351,7,15,106.55405460953253,2
351,8,15,106.55405460953253,3
351,8,14,107.0061747613207,1
351,9,14,107.0061747613207,4
351,13,10,96.91947855899876,1
351,14,11,96.91947855899876,1
351,15,12,96.91947855899876,1
352,13,3,78.16917313054401,2
352,6,14,107.15565905782917,4
352,7,14,107.15565905782917,4
352,8,14,107.15565905782917,4
352,9,14,107.15565905782917,2
352,9,15,107.15565905782917,2
353,2,13,117.66534686277006,3
353,3,13,102.86331909301602,2
353,3,14,102.86331909301602,2
353,13,6,85.90968397875153,5
353,13,7,85.90968397875153,2
353,14,7,85.90968397875153,3
353,14,8,85.90968397875153,5
353,14,9,85.90968397875153,5
353,13,10,96.94226028738197,1
353,14,11,96.94226028738197,1
353,15,12,96.94226028738197,1
354,14,1,93.26914824887092,1
354,13,10,96.94226028738197,1
354,14,11,96.94226028738197,1
354,15,12,96.94226028738197,1
355,1,14,105.8466793563984,3
355,1,15,105.8466793563984,2
355,3,15,112.51953710293364,2
355,13,10,96.94226028738197,1
355,14,11,96.94226028738197,1
355,15,12,96.94226028738197,1
356,14,1,83.3700779706763,3
356,15,1,83.3700779706763,2
356,2,15,115.44008133181528,1
356,2,10,115.48659885291755,1
356,2,11,115.48659885291755,1
356,2,12,115.48659885291755,1
356,3,15,111.2037979350429,2
356,13,10,96.94226028738197,1
356,14,11,96.94226028738197,1
356,15,12,96.94226028738197,1
357,15,2,90.10692789380452,2
357,3,15,104.2386240191392,5
358,1,13,100.75822900189709,2
358,15,2,72.72466007618293,3
358,13,10,96.94226028738197,1
358,14,11,96.94226028738197,1
358,15,12,96.94226028738197,1
359,1,13,107.06034855396803,1
359,15,2,81.685502597598,3
359,3,13,99.87357272996857,2
359,13,10,96.94226028738197,1
359,14,11,96.94226028738197,1
359,15,12,96.94226028738197,1
360,15,1,82.13179971089434,4
360,15,2,90.57255836915388,2
361,2,14,120.76164279895582,2
361,13,10,97.04764891305088,1
361,14,11,97.04764891305088,1
361,15,12,97.04764891305088,1
362,3,13,105.43220840370812,1
362,3,14,105.43220840370812,1
362,3,15,105.43220840370812,1
362,3,14,105.54594210778394,1
362,13,10,96.85707374302919,1
362,13,11,96.85707374302919,1
362,14,12,96.85707374302919,1
363,3,14,110.49122786905816,2
363,3,15,110.49122786905816,1
364,1,10,111.20415363495752,1
364,1,11,111.20415363495752,1
364,1,12,111.20415363495752,1
364,1,13,111.2779948061935,1
364,14,2,76.92231437640845,1
364,3,14,99.83607979178866,1
364,15,10,96.90788027477203,1
364,15,11,96.90788027477203,1
364,13,12,96.93333444899187,1
365,14,1,96.91640950192942,1
365,15,1,96.91640950192942,1
365,13,1,96.94123333829339,1
365,14,10,97.00770666273829,1
365,15,11,97.00770666273829,1
366,1,12,117.01095155345362,1
366,6,15,106.0147961729833,1
366,6,15,106.13563823356387,3
366,7,15,106.13563823356387,1
366,7,10,106.18215575466616,1
366,7,11,106.18215575466616,1
366,7,12,106.18215575466616,1
366,8,15,106.80177270050629,4
366,9,15,106.80177270050629,4
366,15,10,96.61016202497473,1
366,13,11,96.76079122883618,1
366,13,12,96.76079122883618,1
367,13,1,93.93302947382014,1
367,14,1,93.93302947382014,2
367,14,2,95.93865819465535,1
367,15,2,95.93865819465535,3
368,1,13,118.80113880116836,3
368,13,10,96.50183661907539,1
368,13,11,96.50183661907539,1
368,13,12,96.50183661907539,1
369,13,1,89.14705309226159,1
369,3,13,116.62019591317105,1
370,1,13,110.6116699884989,1
370,1,14,110.6116699884989,1
370,1,15,110.6116699884989,1
370,1,13,110.79039764195585,2
370,13,3,76.85822443705092,2
370,14,3,76.85822443705092,1
370,6,13,106.13805336796167,1
370,6,14,106.13805336796167,3
370,7,14,106.13805336796167,4
370,8,15,106.13805336796167,4
370,9,15,106.13805336796167,3
370,9,15,106.76653053393872,1
370,14,10,96.75689596910966,1
370,14,11,96.75689596910966,1
370,14,12,96.75689596910966,1
371,1,15,112.36599450590585,4
371,13,2,75.3506578192202,1
371,14,2,75.3506578192202,1
371,15,2,75.3506578192202,1
372,2,13,101.77655302215008,5
373,1,13,111.83359746991545,1
373,1,14,111.83359746991545,1
373,1,15,111.83359746991545,1
373,1,13,112.02007858543317,2
373,14,2,77.82678041578086,2
373,15,3,94.43808278278037,4
374,13,1,88.33031349867362,1
374,14,1,88.33031349867362,1
375,15,2,93.28544263758437,1
375,15,2,93.15701127023783,1
375,15,3,92.69210453822183,1
375,4,3,91.72136702041217,2
375,5,3,91.72136702041217,1
375,4,6,89.996889937016,3
375,5,7,89.996889937016,3
375,1,8,89.52936228448031,1
375,1,8,88.72693856717433,1
375,3,8,88.53686687598861,1
375,3,9,88.53686687598861,2
375,3,9,88.52757169694118,1
376,3,13,121.103429186585,1
376,3,14,121.103429186585,1
376,3,15,121.103429186585,1
377,13,1,81.5071185598949,1
377,14,1,81.5071185598949,1
378,6,13,106.69446789727391,1
378,6,14,106.69446789727391,1
378,6,15,106.69446789727391,1
378,6,13,106.70160780173549,1
378,7,14,106.70160780173549,1
378,7,15,106.70160780173549,1
378,7,14,106.88454069326288,2
378,8,14,106.88454069326288,4
378,9,14,106.88454069326288,1
378,9,15,106.88454069326288,3
379,15,1,78.90125155432888,1
379,4,3,88.29211217192388,1
379,5,3,88.29211217192388,1
379,1,6,81.5883514046141,3
379,4,6,81.5875184360433,2
379,5,6,81.5875184360433,2
379,5,7,81.5875184360433,1
379,3,7,80.11690817283065,4
379,3,7,79.8774742548478,2
379,1,8,79.83561902872938,3
379,3,8,79.82113180153469,2
379,1,8,79.78950812967986,1
379,3,8,79.6614651763339,1
379,3,9,79.6614651763339,2
379,2,9,79.57324242165176,2
379,2,9,79.35384488198187,2
379,3,9,79.2568468508496,1
380,1,13,103.1792726404181,1
380,1,14,103.1792726404181,1
380,2,15,98.2721913672421,1
382,3,13,120.60994209304732,1
382,3,14,120.60994209304732,1
382,3,15,120.60994209304732,1
382,13,6,90.31527594562326,1
382,14,6,90.31527594562326,1
382,15,6,90.31527594562326,1
382,13,7,90.31518045164043,1
382,14,7,90.31518045164043,1
382,15,7,90.31518045164043,1
382,4,8,89.10148200702176,1
382,5,8,89.10148200702176,2
382,3,9,86.77057765524492,2
382,1,9,86.2532445450195,1
383,3,13,108.41008030938178,1
383,3,14,108.41008030938178,1
383,3,15,108.41008030938178,1
383,3,15,108.60226495803647,1
383,13,10,93.86132467560456,1
383,13,11,93.86132467560456,1
383,13,12,93.86132467560456,1
384,13,10,94.96510120173821,1
384,13,11,94.96510120173821,1
384,13,12,94.96510120173821,1
385,13,1,87.27091678581206,3
385,2,1,118.45402012615098,3
385,2,15,118.68161291544612,1
385,13,3,72.92692622975268,2
385,13,10,96.60988906054456,1
385,13,11,96.60988906054456,1
385,13,12,96.60988906054456,1
386,2,15,112.67741193891996,2
386,2,15,113.29555115548266,1
386,2,3,113.32213428477054,1
387,2,10,115.74387484978887,1
387,2,11,115.74387484978887,1
387,6,12,104.76714700934596,1
387,6,13,104.84958108351064,1
387,6,14,104.84958108351064,1
387,6,15,104.84958108351064,1
387,7,3,105.67176815290054,1
387,7,4,105.94567908617347,2
387,7,5,105.94567908617347,1
387,8,1,106.21151815109805,1
387,8,2,106.96785240327677,3
387,9,3,107.33445544510873,1
387,9,3,107.44731545537385,3
387,13,10,96.77561249119066,1
387,13,11,96.77561249119066,1
387,14,12,96.77561249119066,1
388,13,1,94.53021529614333,2
388,2,3,120.21702474759786,2
388,2,13,120.34558068145171,3
388,3,13,108.5998029616753,2
389,4,2,73.48561606652889,1
389,5,2,73.48561606652889,1
389,5,3,93.91115083683053,1
389,14,3,93.82565252878766,1
390,14,1,83.55481012869578,1
390,15,1,83.55481012869578,2
390,14,1,83.471782357831,2
390,14,2,85.37127955687393,2
391,2,13,100.99110217743575,1
391,3,14,105.12901863565433,1
391,3,15,105.12901863565433,1
391,3,13,105.26829394447901,1
392,10,1,92.48006006355692,1
392,11,2,73.77526068350775,1
392,12,2,73.77526068350775,1
392,13,2,73.704156525905,1
392,14,2,73.704156525905,1
392,3,13,109.3680518676538,4
392,15,6,86.57109742171377,1
392,15,6,86.46372460262864,4
392,15,7,86.46372460262864,1
392,13,7,86.0993075107607,4
392,13,8,86.0993075107607,5
392,13,9,86.0993075107607,5
392,10,13,97.47962836468065,1
392,11,14,97.47962836468065,1
392,12,14,97.47962836468065,1
393,14,2,84.21285111456439,1
393,14,3,78.30591734565544,4
394,13,1,96.29618934613957,4
394,14,1,96.29618934613957,1
394,14,2,77.21203183828051,1
394,3,13,112.31669802706458,1
394,10,13,97.22811577016185,1
394,11,14,97.22811577016185,1
394,12,14,97.22811577016185,1
395,1,15,100.35153151464374,2
395,1,14,100.46694452201264,3
395,13,2,93.66065041020865,1
395,14,3,73.65343730616173,1
395,10,13,97.23279556982465,1
395,11,14,97.23279556982465,1
395,12,15,97.23279556982465,1
396,1,14,118.84781997979871,1
396,1,15,118.84781997979871,2
396,15,3,75.54213720328741,1
396,14,3,75.4454743999499,2
396,15,3,75.4454743999499,1
396,10,15,97.44977875869463,1
396,11,15,97.44977875869463,1
396,12,15,97.44977875869463,1
397,3,13,112.58449050535128,1
397,10,14,97.20575835569826,1
397,11,15,97.20575835569826,1
398,3,15,109.81452526199678,1
398,10,13,97.37595491901467,1
398,11,13,97.37595491901467,1
398,12,14,97.37595491901467,1
398,12,14,97.22456134526419,1
399,2,15,118.87878172448622,2
399,10,3,97.22872716805745,1
399,11,13,97.05886511648006,1
399,12,13,97.05886511648006,1
399,14,13,96.92394664310416,1
399,15,13,96.92394664310416,1
399,15,13,96.83100759300842,3
399,10,14,96.8166324982177,1
399,11,14,96.8166324982177,1
399,12,14,96.8166324982177,1
400,1,14,101.26107246989264,2
400,14,3,95.47136196569917,5
400,10,13,96.53221190665067,1
400,11,14,96.53221190665067,1
400,12,15,96.53221190665067,1
401,2,14,107.4724547005278,2
401,2,15,107.4724547005278,2
401,10,13,96.53221190665067,1
401,11,14,96.53221190665067,1
401,12,15,96.53221190665067,1
402,3,15,114.4524759928845,4
402,10,13,96.53221190665067,1
402,11,14,96.53221190665067,1
402,12,15,96.53221190665067,1
403,1,15,118.93049078804724,1
403,1,13,119.73527773672768,4
403,3,13,109.03501819634101,5
404,14,10,96.04986029172284,1
404,14,11,96.04986029172284,1
404,14,12,96.04986029172284,1
404,13,10,96.27352998376202,1
404,13,11,96.27352998376202,1
404,14,12,96.27352998376202,1
405,14,3,85.71286135884608,1
405,15,3,85.71286135884608,2
405,14,3,85.62051491422508,1
405,13,10,96.27717801308219,1
405,14,11,96.27717801308219,1
405,15,12,96.27717801308219,1
406,14,2,72.9225309651374,3
406,14,10,96.09370019969198,1
406,14,11,96.09370019969198,1
406,15,12,96.09370019969198,1
407,13,10,96.26505137891922,1
407,14,10,96.26505137891922,1
407,15,11,96.26505137891922,1
407,13,11,96.29362896051148,1
407,14,12,96.29362896051148,1
407,15,12,96.29362896051148,1
408,3,13,118.11098933954294,1
408,6,14,99.807143362175,1
408,7,15,99.807143362175,1
408,8,13,100.78724762438054,1
408,9,13,100.78724762438054,1
408,15,10,96.09370019969198,1
408,15,11,96.09370019969198,1
408,15,12,96.09370019969198,1
409,13,1,82.05158721619364,1
409,14,1,82.05158721619364,1
409,15,1,82.05158721619364,1
410,15,10,96.08631511073993,1
410,15,11,96.08631511073993,1
410,15,12,96.08631511073993,1
411,1,2,104.49876807019821,2
411,13,2,80.79732426808195,1
411,14,2,80.79732426808195,1
411,15,3,93.80078994818126,1
411,15,6,96.07115295934784,1
411,15,7,96.07115295934784,1
411,15,8,96.07115295934784,1
411,15,9,96.07115295934784,1
411,13,10,96.27977266886548,1
411,14,11,96.27977266886548,1
411,15,12,96.27977266886548,1
412,15,6,94.73534174818495,1
412,15,7,94.73534174818495,1
412,15,8,94.73534174818495,1
412,15,9,94.73534174818495,1
413,1,10,101.78840716473579,1
413,1,11,101.78840716473579,1
413,15,2,77.45270547174385,4
413,13,10,96.16256009650827,1
413,13,11,96.16256009650827,1
413,14,12,96.16256009650827,1
413,14,12,96.30749754077877,1
414,1,13,117.94537258935597,1
414,1,14,117.94537258935597,1
414,1,15,117.94537258935597,1
414,1,13,118.16153265680903,1
414,15,10,96.24910450517584,1
414,15,11,96.24910450517584,1
414,13,12,96.29246342735398,1
415,14,1,88.22450057191426,1
415,15,1,88.22450057191426,1
415,2,1,87.65353505102523,1
415,3,13,102.78058000863714,5
416,1,10,96.63693840508952,1
416,13,2,93.19429149410786,3
416,13,6,91.66391581584108,1
416,13,7,91.66391581584108,1
416,13,8,91.66391581584108,1
416,13,9,91.66391581584108,1
416,13,10,95.89489767936314,1
416,13,11,95.89489767936314,1
416,13,12,95.89489767936314,1
417,13,1,95.54233296715884,1
417,13,10,96.11359274923754,1
417,14,11,96.11359274923754,1
417,14,12,96.11359274923754,1
418,13,2,96.07775128041493,1
418,14,2,96.07775128041493,1
418,15,2,96.07775128041493,1
418,14,2,95.96818461214119,1
418,14,6,84.79711027688236,2
418,15,6,84.79711027688236,3
418,15,7,84.79711027688236,2
418,13,7,84.23431599490391,3
418,13,8,84.23431599490391,5
418,13,9,84.23431599490391,5
418,13,10,96.30522485204833,1
418,14,11,96.30522485204833,1
418,15,12,96.30522485204833,1
419,1,11,101.55054648838191,1
419,1,12,101.55054648838191,1
419,1,13,101.5893600003977,2
419,1,14,101.5893600003977,1
419,2,14,97.19609770491891,1
419,2,15,97.19609770491891,2
419,2,13,97.37663305282135,1
419,13,3,86.56775078209358,1
419,6,13,96.95210502008652,1
419,7,13,96.95210502008652,1
419,8,14,96.95210502008652,1
419,9,14,96.95210502008652,1
419,13,10,95.80162650030944,1
419,13,11,95.80162650030944,1
419,13,12,95.80162650030944,1
420,3,14,99.81529067888371,2
421,1,10,109.37677121313055,1
421,1,11,109.37677121313055,1
421,1,12,109.37677121313055,1
421,1,13,109.45637858190003,1
421,1,14,109.45637858190003,1
421,13,10,96.02613200722402,1
421,13,11,96.02613200722402,1
421,13,12,96.02613200722402,1
422,13,1,81.05541883373942,1
422,3,15,119.47585775309744,1
422,3,14,119.6973507885036,4
422,13,10,96.23446016984369,1
422,14,11,96.23446016984369,1
422,14,12,96.23446016984369,1
423,13,2,88.0768474605136,1
423,14,2,88.0768474605136,1
423,15,2,88.0768474605136,1
423,15,3,93.57107460820775,2
423,14,3,93.4585968993327,2
424,14,1,75.7047036286845,3
425,13,3,77.75616556810824,1
425,14,3,77.75616556810824,1
425,15,3,77.75616556810824,1
425,14,3,77.61375483089795,1
426,1,13,98.38976671808499,1
426,1,14,98.38976671808499,1
426,1,15,98.38976671808499,1
426,1,13,98.43963085106259,2
426,2,14,107.44394649217239,1
426,15,3,72.63303181936345,1
426,15,10,96.06099612942535,1
426,15,11,96.06099612942535,1
426,15,12,96.06099612942535,1
427,2,14,120.42707640570892,1
427,2,15,120.42707640570892,2
427,13,10,96.28066544302605,1
427,14,11,96.28066544302605,1
427,15,12,96.28066544302605,1
428,1,13,106.18299999286026,1
428,1,14,106.18299999286026,1
428,1,15,106.18299999286026,1
428,1,14,106.4173489249836,1
428,15,10,96.0594409917781,1
428,15,11,96.0594409917781,1
428,13,12,96.18860656866622,1
429,14,1,76.85857907864931,1
429,15,1,76.85857907864931,1
429,13,1,76.19775112200361,2
429,13,2,93.03219712255833,2
430,1,13,107.72661760962181,1
430,1,14,107.72661760962181,1
430,1,15,107.72661760962181,1
430,1,15,107.91581925080594,2
431,13,1,72.86003747320099,5
431,3,15,100.9495396780529,3
431,6,15,105.22421660081682,4
431,7,10,105.36521629531188,1
431,7,11,105.36521629531188,1
431,7,12,105.36521629531188,1
431,7,2,105.75083003850656,1
431,8,2,105.75083003850656,1
431,8,13,105.97454654426,3
431,9,13,105.97454654426,4
434,13,1,80.2235551201342,1
434,14,3,77.564436143723,1
434,15,6,83.36811327645827,1
434,13,6,83.3363137769964,1
434,14,6,83.3363137769964,1
434,15,6,83.3363137769964,1
434,13,6,83.2091157791489,1
434,14,6,83.2091157791489,1
434,14,7,83.2091157791489,5
434,15,7,83.2091157791489,1
434,15,8,83.2091157791489,5
434,2,8,83.12426388405298,1
434,2,9,83.12426388405298,4
434,13,9,82.6699165947078,2
435,1,13,108.02566057561303,1
435,1,14,108.02566057561303,1
435,1,15,108.02566057561303,1
435,1,13,108.0408134098445,1
435,1,14,108.0408134098445,1
435,3,15,114.95541029674122,1
435,3,13,115.92534907441967,3
437,13,1,94.50197929402289,4
437,2,13,99.10991315194462,4
437,3,13,117.38009692347916,2
437,3,14,117.38009692347916,3
437,13,6,95.71219619546937,1
437,13,7,95.71219619546937,1
437,14,8,95.71219619546937,1
437,14,9,95.71219619546937,1
438,14,2,89.32939641484279,4
438,3,13,108.07271214215828,1
438,3,14,108.07271214215828,1
438,3,15,108.07271214215828,1
438,3,14,108.23540739577999,1
439,1,14,100.99640447643085,1
439,3,14,100.25349414112723,1
440,1,13,116.14173932572712,1
440,3,14,110.40909409973352,1
442,1,13,118.61997645423781,1
442,1,14,118.61997645423781,1
442,1,15,118.61997645423781,1
442,1,15,118.64422756191055,1
443,3,13,109.05736754005258,1
443,3,14,109.05736754005258,1
443,3,15,109.05736754005258,1
444,1,15,109.572297823358,1
444,3,15,110.2466623799383,2
444,10,15,96.75844393715599,1
444,11,15,96.75844393715599,1
444,12,15,96.75844393715599,1
445,3,13,118.72601792784383,1
445,3,14,118.72601792784383,1
445,3,15,118.72601792784383,1
445,3,1,118.87612918185303,2
445,10,13,96.53758141513822,1
445,11,14,96.53758141513822,1
445,12,15,96.53758141513822,1
446,13,3,76.58169952062826,1
446,14,6,95.28691459725293,1
446,15,7,95.28691459725293,1
446,13,8,95.28458905757401,1
446,14,9,95.28458905757401,1
446,10,1,96.79443217696881,1
446,11,1,96.79443217696881,1
446,12,13,96.65031496689912,1
447,15,1,80.8431403297173,1
447,13,1,80.80352428641069,1
447,14,3,74.23792028694709,1
447,15,3,74.23792028694709,1
447,15,3,74.10553089334482,3
447,10,14,96.57694714927507,1
447,11,15,96.57694714927507,1
447,12,13,96.54033646183791,1
448,2,14,102.85652952504327,1
448,2,15,102.85652952504327,1
448,2,13,103.83392920829166,1
449,2,3,100.56730201664013,1
449,2,13,101.1121707172634,1
449,10,3,90.331878279678,1
449,11,3,90.331878279678,1
449,12,3,90.331878279678,1
449,10,13,96.6554964894313,1
449,11,13,96.6554964894313,1
449,12,13,96.6554964894313,1
449,14,13,96.28859266389475,1
449,15,13,96.28859266389475,1
450,15,1,74.78294764614309,3
450,2,1,74.40738050261517,1
451,2,1,92.90870828976085,1
451,13,1,92.75646625566833,4
451,13,3,75.07793464898144,3
452,2,13,117.6825414348244,3
452,13,10,95.58859441870482,1
452,14,11,95.58859441870482,1
452,15,12,95.58859441870482,1
453,1,13,105.90928487523718,1
453,1,14,105.90928487523718,1
453,13,3,76.12243763554258,2
453,14,3,76.12243763554258,3
453,13,10,95.32318128647287,1
453,13,11,95.32318128647287,1
453,14,12,95.32318128647287,1
454,2,15,103.38634827132918,1
454,2,13,103.48662888073918,1
454,14,10,95.44392153395667,1
454,15,11,95.44392153395667,1
454,15,12,95.44392153395667,1
455,13,10,95.584637725877,1
455,14,11,95.584637725877,1
455,15,12,95.584637725877,1
456,2,13,99.29317428618818,1
456,2,14,99.29317428618818,1
456,2,15,99.29317428618818,1
456,2,13,99.39411478432862,1
456,14,3,87.2169752621559,2
456,13,10,95.32268702981376,1
456,13,11,95.32268702981376,1
456,14,12,95.32268702981376,1
457,14,3,83.9571730525115,1
458,15,6,81.55686125175943,2
458,14,6,81.31506180012681,5
458,14,7,81.31506180012681,7
458,14,8,81.31506180012681,7
458,14,9,81.31506180012681,7
458,13,10,95.43215704833901,1
458,14,11,95.43215704833901,1
458,15,12,95.43215704833901,1
459,14,3,90.32297557648594,2
459,13,10,95.25104925906618,1
459,13,11,95.25104925906618,1
459,13,12,95.25104925906618,1
460,14,1,73.45123998968684,3
460,15,1,73.45123998968684,1
460,15,10,95.3597755273524,1
460,15,11,95.3597755273524,1
460,13,12,95.41424760565211,1
460,14,10,95.52427520461644,1
460,15,11,95.52427520461644,1
461,14,1,90.82300773482513,4
461,14,2,71.73049237913014,1
461,14,6,86.43449242841473,4
461,15,7,86.43449242841473,4
461,15,8,86.43449242841473,4
461,15,9,86.43449242841473,4
461,13,10,95.25104925906618,1
461,13,11,95.25104925906618,1
461,13,12,95.25104925906618,1
462,14,2,79.65122892464063,3
462,15,2,79.65122892464063,2
462,15,10,95.3597755273524,1
462,13,11,95.41424760565211,1
462,14,12,95.41424760565211,1
462,15,12,95.52427520461644,1
463,1,13,96.93629533564449,1
463,3,14,98.13208588999811,1
463,3,15,98.13208588999811,1
463,6,14,97.94353271705859,1
463,7,14,97.94353271705859,1
463,8,14,97.94353271705859,1
463,9,14,97.94353271705859,1
463,13,10,95.3113291791827,1
463,13,11,95.3113291791827,1
463,14,12,95.3113291791827,1
464,1,14,116.43047958328174,1
464,1,15,116.43047958328174,3
464,14,3,89.66651519102507,1
464,15,3,89.66651519102507,2
464,15,3,89.42850674427598,1
465,2,10,118.4083804796816,1
465,2,11,118.4083804796816,1
465,2,12,118.4083804796816,1
465,13,10,95.24963236719995,1
465,13,11,95.24963236719995,1
465,13,12,95.24963236719995,1
466,14,1,95.13612562644698,2
466,14,10,95.3987534671985,1
466,15,11,95.3987534671985,1
466,15,12,95.3987534671985,1
467,13,3,83.58085524148174,1
467,14,3,83.58085524148174,1
467,15,10,95.51074371213728,1
467,15,11,95.43603374219813,1
467,13,12,95.52942120462207,1
468,2,13,107.42616477531638,1
468,2,14,107.42616477531638,1
468,2,15,107.42616477531638,1
468,3,15,98.97252236266772,2
468,3,13,99.15093070737808,3
468,14,10,95.53874127337198,1
468,15,11,95.53874127337198,1
469,15,1,82.97500592650152,1
469,15,3,83.13417713301817,5
469,13,10,95.23309094482158,1
469,13,11,95.23309094482158,1
469,13,12,95.23309094482158,1
470,1,12,104.1939759301921,1
471,1,13,99.72672204497061,1
471,3,14,107.87529162445628,1
471,3,15,107.87529162445628,1
472,3,13,106.30962571603428,3
473,13,1,78.04254329832337,1
473,14,1,78.04254329832337,1
473,15,1,78.04254329832337,1
473,13,1,78.00618873392344,1
473,14,1,78.00618873392344,1
473,2,13,117.96136950469,2
474,15,1,90.0274723596969,1
474,13,1,89.97449880561652,1
475,1,13,99.6697249903865,1
475,1,14,99.6697249903865,1
475,1,15,99.6697249903865,1
475,1,14,99.72848875424026,1
475,2,14,96.62822517998714,1
475,2,15,96.62822517998714,2
475,2,13,96.86328023540219,1
475,3,14,111.03837616581575,4
475,6,14,101.10522994588497,2
475,7,14,101.10522994588497,2
475,8,14,101.10522994588497,2
475,9,14,101.10522994588497,2
475,10,13,95.73111877025411,1
475,11,14,95.73111877025411,1
475,12,15,95.73111877025411,1
476,13,1,76.64465042113875,1
476,14,1,76.64465042113875,1
476,15,6,86.99597780759964,1
476,14,6,86.90347312379254,3
476,14,7,86.90347312379254,1
476,15,7,86.90347312379254,3
476,15,8,86.90347312379254,1
476,15,8,86.69157890747107,3
476,15,9,86.69157890747107,4
476,10,13,95.95177670352498,1
476,11,13,95.95177670352498,1
476,12,13,95.95177670352498,1
477,15,2,83.46969222652312,5
478,1,14,100.43438278218541,3
478,10,2,93.07570849321283,1
478,11,2,93.07570849321283,1
478,10,15,95.82682781793798,1
478,11,15,95.82682781793798,1
478,12,15,95.82682781793798,1
479,2,13,99.63778308971237,1
479,2,14,99.63778308971237,1
479,3,15,107.56745270592816,1
479,3,15,107.86406336331837,4
480,10,1,78.22578850526477,1
480,3,15,100.84554444404506,2
480,10,13,96.02578354851991,1
480,11,13,96.02578354851991,1
480,12,13,96.02578354851991,1
481,10,13,95.92076151676338,1
481,11,14,95.92076151676338,1
481,12,14,95.92076151676338,1
481,11,13,95.76782049326795,1
481,12,14,95.76782049326795,1
482,1,15,103.66394320801919,1
482,3,14,98.59417572311881,2
482,3,15,98.59417572311881,1
482,10,15,95.84784081839311,1
482,11,15,95.84784081839311,1
482,12,15,95.84784081839311,1
483,13,1,74.40820385256524,1
483,14,1,74.40820385256524,1
483,15,1,74.40820385256524,1
483,12,1,74.38766548530575,1
483,13,1,74.35147607814588,1
483,13,2,82.0921731844328,1
483,14,2,82.0921731844328,1
483,14,3,73.4656770752818,1
483,15,3,73.4656770752818,2
483,15,6,91.82890612123535,1
483,15,7,91.82890612123535,1
483,15,8,91.82890612123535,1
483,15,9,91.82890612123535,1
483,10,13,95.74081686629216,1
483,11,14,95.74081686629216,1
483,12,15,95.74081686629216,1
484,15,1,79.53807549015528,3
487,13,1,91.60460672500554,1
487,14,1,91.60460672500554,1
487,15,1,91.60460672500554,1
487,13,1,91.59327233366383,1
487,14,3,76.45663852157789,1
487,15,3,76.45663852157789,1
488,13,6,84.95336487665219,1
488,14,6,84.95336487665219,1
488,15,6,84.95336487665219,1
488,10,6,84.89385932210831,1
488,11,6,84.89385932210831,1
488,12,7,84.89385932210831,1
488,13,7,84.87605681222415,3
488,14,7,84.87605681222415,1
488,14,8,84.87605681222415,2
488,15,8,84.87605681222415,3
488,15,9,84.64129902110457,4
488,1,9,84.64058884474522,1
489,4,1,80.05134546194112,1
489,3,13,110.29944611143439,1
489,3,14,110.29944611143439,1
489,13,10,94.63960382355972,1
489,13,11,94.63960382355972,1
489,13,12,94.63960382355972,1
490,13,10,95.31064823902406,1
490,13,11,95.31064823902406,1
490,14,12,95.31064823902406,1
491,1,15,95.80510185183215,1
491,1,13,95.80680941338352,1
491,1,14,95.80680941338352,1
491,1,15,95.80680941338352,1
491,1,2,78.39674055389929,1
491,14,2,78.14710502896871,1
491,15,2,78.14710502896871,2
491,13,2,77.92312491699798,1
491,13,6,89.66256152425659,2
491,13,7,89.66256152425659,2
491,13,8,89.66256152425659,2
491,13,9,89.66256152425659,1
491,14,9,89.66256152425659,1
491,13,10,95.47840934289013,1
491,14,11,95.47840934289013,1
491,15,12,95.47840934289013,1
492,1,15,103.76093285706489,3
492,14,2,91.14829947876441,2
492,14,3,79.84428155047434,1
492,6,15,107.46999290606428,3
492,6,2,108.07833800778016,3
492,7,2,108.07833800778016,1
492,7,4,108.36140364694187,3
492,7,5,108.36140364694187,2
492,8,5,108.36140364694187,1
492,8,3,108.43842021484852,1
492,8,13,108.53923377312935,2
492,8,14,108.53923377312935,2
492,9,14,108.53923377312935,6
493,3,10,109.05075309963547,1
493,3,11,109.05075309963547,1
493,3,12,109.05075309963547,1
493,13,10,95.24285191403914,1
493,13,11,95.24285191403914,1
493,13,12,95.24285191403914,1
494,14,1,76.36222919960537,3
494,15,1,76.36222919960537,2
494,15,10,95.3896475459174,1
494,13,11,95.46319245166802,1
494,14,12,95.46319245166802,1
495,1,13,113.86173167993155,1
495,3,14,105.78627193518983,1
495,15,10,95.49989135963759,1
495,13,11,95.51827758607524,1
495,14,12,95.51827758607524,1
496,2,15,110.29572857921036,1
496,15,10,95.52745231306763,1
496,13,11,95.53204886967704,1
496,14,12,95.53204886967704,1
497,15,2,78.7341922129525,1
497,14,2,78.43631335910827,4
497,3,4,108.10546738886018,1
497,3,5,108.10546738886018,1
497,3,2,108.15928300916218,3
498,6,13,100.83550811603658,2
498,7,13,100.83550811603658,2
498,8,13,100.83550811603658,2
498,9,13,100.83550811603658,2
499,1,13,99.85385911592977,3
499,1,14,99.85385911592977,1
499,13,2,81.6080854501929,1
499,14,2,81.6080854501929,1
499,15,2,81.6080854501929,1
499,14,6,81.4510955477118,3
499,15,6,81.4510955477118,4
499,15,7,81.4510955477118,7
499,4,8,80.69965496817332,1
499,1,8,79.93213065285059,5
499,3,8,79.75480285678371,1
499,3,9,79.75480285678371,2
499,3,9,79.35537308218778,4
499,2,9,79.1432143572222,1
499,10,13,95.88388305052675,1
499,11,13,95.88388305052675,1
499,12,13,95.88388305052675,1
500,1,13,112.11256629261123,2
500,2,14,96.20760418438377,3
500,3,10,93.37883672421258,1
500,13,11,93.52336472625515,1
500,13,12,93.52336472625515,1
501,1,4,112.4443590903606,1
501,1,5,112.4443590903606,1
501,1,14,112.58928694933593,2
501,1,15,112.58928694933593,1
501,3,15,104.07545506358989,4
501,13,6,83.72839677580714,5
501,13,7,83.72839677580714,5
501,13,8,83.72839677580714,5
501,13,9,83.72839677580714,5
501,13,10,94.83178202930682,1
501,13,11,94.83178202930682,1
501,13,12,94.83178202930682,1
503,1,10,110.98627864948438,1
503,13,10,95.19652420096025,1
503,14,11,95.19652420096025,1
503,15,12,95.19652420096025,1
504,1,11,97.76442909957449,1
504,1,12,97.76442909957449,1
504,1,13,97.78965648665462,1
504,2,13,113.63526149950583,1
504,2,14,113.63526149950583,2
504,2,15,113.63526149950583,1
504,13,10,95.19652420096025,1
504,14,11,95.19652420096025,1
504,15,12,95.19652420096025,1
505,13,1,83.39435345562448,1
505,2,15,101.96468303658938,1
505,13,10,95.21541951388328,1
505,14,11,95.21541951388328,1
505,15,12,95.21541951388328,1
506,3,14,106.39323851864188,2
507,1,13,112.6880206841825,2
507,1,14,112.6880206841825,2
507,2,15,105.44790845279059,2
507,2,14,105.80643535709694,3
507,13,3,93.29611956743571,1
507,14,3,93.29611956743571,3
508,13,3,83.46232259979406,1
509,14,2,73.11492077914653,1
509,15,2,73.11492077914653,1
509,3,13,107.44792407761085,3
510,1,10,109.99326858824105,1
510,14,6,89.2436316997121,2
510,15,6,89.2436316997121,1
510,15,7,89.2436316997121,3
510,15,8,89.2436316997121,1
510,13,8,88.80691030349992,1
510,14,8,88.80691030349992,1
510,14,9,88.80691030349992,3
510,13,10,95.12234788219997,1
510,13,11,95.12234788219997,1
510,14,12,95.12234788219997,1
510,14,11,95.2642253380893,1
510,15,12,95.2642253380893,1
511,2,13,96.55550604406014,1
511,2,14,96.55550604406014,1
511,2,15,96.55550604406014,1
511,2,13,96.63713465171683,1
511,2,14,96.63713465171683,1
511,15,10,95.20799107935395,1
511,13,11,95.25089849275773,1
511,14,12,95.25089849275773,1
512,3,14,102.526297480901,2
513,15,1,87.46441352885265,1
513,14,1,86.88780012214285,4
513,14,2,90.90128261984933,4
513,14,6,87.10582790373348,4
513,14,7,87.10582790373348,4
513,14,8,87.10582790373348,3
513,15,8,87.10582790373348,1
513,15,9,87.10582790373348,4
514,15,1,78.02057891873692,5
514,15,3,72.46329827542182,2
514,13,10,94.770267285965,1
514,13,11,94.770267285965,1
514,13,12,94.770267285965,1
515,13,1,85.83963030883535,3
515,14,6,85.11769130253117,5
515,14,7,85.11769130253117,1
515,15,7,85.11769130253117,4
515,15,8,85.11769130253117,2
515,15,8,84.70150219715404,3
515,15,9,84.70150219715404,5
515,13,10,95.08199292589246,1
515,13,11,95.08199292589246,1
515,14,12,95.08199292589246,1
515,14,10,95.21740957100127,1
515,15,11,95.21740957100127,1
515,15,12,95.21740957100127,1
516,3,13,97.73522078756011,1
516,3,14,97.73522078756011,1
516,13,10,94.83863954221238,1
516,13,11,94.83863954221238,1
516,13,12,94.83863954221238,1
517,1,15,110.81049644911963,1
517,2,13,116.21936140665862,1
517,13,6,87.92307399443507,2
517,14,6,87.92307399443507,1
517,14,7,87.92307399443507,3
517,14,8,87.92307399443507,1
517,15,8,87.92307399443507,2
517,15,9,87.92307399443507,3
518,13,2,89.25799812689993,1
518,14,2,89.25799812689993,1
518,15,2,89.25799812689993,1
518,15,2,88.70923526977492,2
518,10,14,95.48173695258672,1
518,11,15,95.48173695258672,1
519,12,3,84.7271064483792,1
519,13,3,84.63461218094261,1
519,14,3,84.63461218094261,1
519,15,3,84.63461218094261,1
519,15,3,84.05349442604185,1
519,10,14,95.66236717050467,1
519,11,15,95.66236717050467,1
519,12,15,95.66236717050467,1
520,1,2,89.53012558406499,1
520,4,2,89.10400188810345,1
520,5,2,89.10400188810345,2
520,3,2,86.86870062664474,1
520,13,10,94.80534579052463,1
520,13,11,94.80534579052463,1
520,13,12,94.80534579052463,1
521,13,2,81.59330660890828,1
521,13,10,95.1920283967948,1
521,14,11,95.1920283967948,1
521,15,12,95.1920283967948,1
522,2,13,95.77037922699513,1
522,2,14,95.77037922699513,1
522,2,15,95.77037922699513,1
522,2,15,95.82479765180014,2
522,3,14,97.20910707717022,4
522,13,10,95.1920283967948,1
522,14,11,95.1920283967948,1
522,15,12,95.1920283967948,1
523,2,14,106.20569548132633,1
523,2,15,106.20569548132633,1
523,6,15,99.74308337692821,1
523,7,15,99.74308337692821,1
523,8,15,99.74308337692821,1
523,9,15,99.74308337692821,1
524,1,10,115.95828615815121,1
524,1,11,115.95828615815121,1
524,1,12,115.95828615815121,1
524,1,13,115.98571068256672,1
524,3,13,114.83589834278257,1
524,3,14,114.83589834278257,2
524,13,10,95.18661722047662,1
524,14,11,95.18661722047662,1
524,15,12,95.18661722047662,1
525,13,3,93.41293854756583,2
525,13,10,95.20715818926382,1
525,14,11,95.20715818926382,1
525,15,12,95.20715818926382,1
526,14,2,92.2385732157729,1
526,14,3,71.75394617014382,5
527,3,15,118.78789785097004,2
527,3,15,119.14863071645651,1
528,2,13,98.93178995859384,1
528,2,14,98.93178995859384,1
528,2,15,98.93178995859384,1
528,2,15,99.349176968461,2
528,13,6,93.98193262681514,1
528,14,7,93.98193262681514,1
528,15,8,93.98193262681514,1
528,15,9,93.84781633885146,1
529,13,1,89.78658944358338,1
529,14,1,89.78658944358338,1
529,15,1,89.78658944358338,1
529,15,1,89.63310761972394,2
529,2,15,116.73981623811542,3
529,3,2,110.38176549867784,4
529,3,4,110.90775640776727,1
529,10,13,95.7838943652138,1
529,11,13,95.7838943652138,1
529,12,13,95.7838943652138,1
530,15,1,76.64754490821124,1
531,3,13,114.35257907753315,1
531,3,14,114.35257907753315,2
531,10,14,95.65904996947845,1
531,11,14,95.65904996947845,1
531,12,15,95.65904996947845,1
531,10,13,95.48319880162754,1
531,11,14,95.48319880162754,1
531,12,15,95.48319880162754,1
532,1,15,117.80079188047077,3
532,13,2,89.62034194939864,1
532,3,4,109.78328394340762,1
532,10,13,95.53446073131276,1
532,11,14,95.53446073131276,1
532,12,15,95.53446073131276,1
533,14,1,75.56022910467203,1
533,15,1,75.56022910467203,1
533,15,3,86.30840805069954,2
533,2,3,85.7006049367158,1
533,10,13,96.3859455559556,1
533,11,13,96.3859455559556,1
533,12,13,96.3859455559556,1
534,4,1,73.9710979180295,3
534,5,2,71.02031316705134,1
534,3,2,69.89967288148975,1
535,1,13,118.41306509550849,4
535,3,13,107.3223038582413,2
535,10,13,95.65811332192402,1
535,11,13,95.65811332192402,1
535,12,14,95.65811332192402,1
536,3,14,105.23499576866212,1
536,3,15,105.23499576866212,2
536,3,13,105.47728346308008,2
536,10,13,95.47615526341613,1
536,11,14,95.47615526341613,1
536,12,15,95.47615526341613,1
537,3,13,96.2069378392556,1
537,10,13,95.65811332192402,1
537,11,13,95.65811332192402,1
537,12,14,95.65811332192402,1
538,10,2,83.72576320230755,1
538,11,2,83.72576320230755,1
538,12,2,83.72576320230755,1
538,13,2,83.70229217658215,2
538,14,3,79.11193702768803,1
538,10,14,95.53672718702063,1
538,11,15,95.53672718702063,1
538,12,15,95.53672718702063,1
539,1,13,110.7333183282249,1
539,1,14,110.7333183282249,1
539,3,15,98.86691262829794,1
539,3,14,99.1697722463204,2
540,10,13,95.74050349942644,1
540,11,13,95.74050349942644,1
540,12,13,95.74050349942644,1
541,10,2,91.22470477049862,1
541,11,6,85.79514860326324,1
541,12,6,85.79514860326324,1
541,13,6,85.71671444241498,1
541,14,6,85.71671444241498,1
541,15,6,85.71671444241498,1
541,14,7,85.6619702839261,1
541,15,7,85.6619702839261,2
541,4,7,84.61641065884895,2
541,4,8,84.61641065884895,1
541,5,8,84.61641065884895,1
541,3,8,84.01949374638649,2
541,3,8,82.74468348332775,1
541,3,9,82.74468348332775,2
541,2,9,82.39771845625057,1
541,1,9,82.07710606162124,2
541,10,14,95.63285820304792,1
541,11,14,95.63285820304792,1
541,12,14,95.63285820304792,1
542,1,13,103.65960712428802,1
542,1,2,72.69096379157614,3
542,3,14,110.1234081516335,1
542,13,10,92.5630523265211,1
542,13,11,92.5630523265211,1
542,13,12,92.5630523265211,1
543,13,1,75.53156590842454,3
543,6,15,106.59343687464184,1
543,6,15,106.64715209239559,3
543,6,14,106.86201296341062,2
543,7,14,106.86201296341062,6
543,8,14,106.86201296341062,2
543,8,15,106.86201296341062,4
543,9,15,106.86201296341062,6
543,13,10,94.09954382450961,1
543,13,11,94.09954382450961,1
543,13,12,94.09954382450961,1
544,1,15,107.63312142269629,2
544,1,4,107.71531028488465,2
544,1,5,107.71531028488465,1
544,13,10,95.20955913394674,1
544,14,11,95.20955913394674,1
544,15,12,95.20955913394674,1
545,13,2,88.11352035703915,1
545,13,6,92.78736997033928,1
545,13,7,92.78736997033928,1
545,13,8,92.78736997033928,1
545,13,9,92.78736997033928,1
546,13,2,74.2302404214469,2
546,13,3,71.76656992724735,4
546,13,10,95.12137128083486,1
546,13,11,95.12137128083486,1
546,14,12,95.12137128083486,1
547,14,1,80.2913161421335,1
547,3,13,106.78790674225866,2
548,1,10,104.31262664817002,1
548,1,11,104.31262664817002,1
548,1,12,104.31262664817002,1
548,15,10,95.18405830632196,1
548,15,11,95.18405830632196,1
548,13,12,95.21546463171629,1
549,1,13,110.71750862969881,1
549,1,14,110.71750862969881,1
549,1,15,110.71750862969881,1
549,1,13,110.87210585696724,1
549,2,13,98.8296788449275,4
549,14,3,76.64982038296715,1
549,15,3,76.64982038296715,1
549,13,3,76.27735015359242,1
549,14,3,76.27735015359242,1
549,13,10,95.30255951152748,1
549,14,11,95.30255951152748,1
549,15,12,95.30255951152748,1
550,2,14,114.2331306575175,1
550,14,6,91.08453108555068,1
550,14,7,91.08453108555068,1
550,14,8,91.08453108555068,1
550,14,9,91.08453108555068,1
550,13,10,95.13937263294986,1
550,13,11,95.13937263294986,1
550,14,12,95.13937263294986,1
551,1,14,107.68159513395597,2
551,14,3,92.90343343810213,1
551,15,6,94.62936976991001,1
551,15,7,94.62936976991001,1
551,14,8,94.27030451381464,1
551,14,9,94.27030451381464,1
