time,buyer,seller,price,qty
50,36,4,94.85692720924885,1
50,3,4,94.85692236575517,3
50,11,25,99.75728140236131,1
50,11,27,99.75728140236131,1
50,10,29,99.75726890236132,1
50,10,30,99.75726890236132,1
50,9,31,99.75725223569464,1
50,6,34,99.75724806902798,1
50,7,35,99.75724806902798,1
50,8,36,99.75724806902798,1
51,11,26,99.70875567201116,1
51,11,28,99.70875567201116,1
51,10,29,99.70874317201117,1
51,10,32,99.70874317201117,1
51,9,33,99.70873067201117,1
51,6,35,99.7087265053445,1
51,7,36,99.7087265053445,1
52,8,3,96.14327289057643,1
52,4,11,101.88125941477628,2
52,11,25,99.70873379701118,1
52,11,27,99.70873379701118,1
52,10,28,99.70871296367784,1
52,9,29,99.7087046303445,1
52,6,30,99.70870046367784,1
52,7,33,99.70870046367784,1
52,8,35,99.70870046367784,1
53,1,36,102.88759975760837,1
53,1,11,102.93712953128633,1
53,3,11,104.26642764669205,2
53,3,10,104.26644848002539,3
53,2,12,96.05424283155025,1
53,2,13,96.05424283155025,1
53,2,14,96.05424283155025,1
53,2,15,96.05424283155025,1
53,11,16,96.04564311871687,1
53,11,17,96.04564311871687,1
53,10,18,96.04562645205021,1
53,10,19,96.04562645205021,1
53,9,25,99.64731162241097,1
53,6,26,99.6473074557443,1
53,7,27,99.6473074557443,1
53,8,33,99.6473074557443,1
53,4,34,99.64563435327551,1
53,4,35,99.64563435327551,1
54,4,1,97.75485001240409,3
54,33,1,97.61834066120622,1
54,11,26,99.64605471222605,1
54,11,27,99.64605471222605,1
54,10,28,99.64603804555938,1
54,9,31,99.64602137889271,1
54,6,33,99.64601721222604,1
54,7,35,99.64601721222604,1
54,8,36,99.64601721222604,1
55,3,11,102.83813878580403,3
55,3,10,102.8381554524707,1
55,5,10,103.29897925923738,1
55,25,11,99.56809007706852,1
55,26,11,99.56809007706852,1
55,27,11,99.56809007706852,1
55,29,10,99.56810674373519,1
55,30,10,99.56810674373519,1
55,31,10,99.56810674373519,1
55,35,10,99.56810674373519,1
56,4,9,102.75180452121319,1
56,11,12,89.57112974968905,2
56,10,12,89.57111724968905,2
56,9,12,89.57107974968905,1
56,6,13,89.57107141635572,1
56,7,13,89.57107141635572,1
56,8,13,89.57107141635572,1
56,33,13,89.5024130484729,1
56,34,13,89.5024130484729,1
56,34,14,89.5024130484729,5
56,35,15,89.5024130484729,5
56,35,16,89.5024130484729,1
56,4,16,89.2776391315615,4
56,1,17,88.78107520360388,3
56,25,17,88.56479586097291,2
56,25,18,88.56479586097291,4
56,26,18,88.56479586097291,1
56,26,19,88.56479586097291,5
56,26,11,99.56810882706853,1
56,27,11,99.56810882706853,1
56,28,11,99.56810882706853,1
56,29,10,99.56812132706852,1
56,31,10,99.56812132706852,1
56,33,10,99.56812132706852,1
56,34,9,99.56815882706853,1
56,35,9,99.56815882706853,1
57,26,1,97.0664437831422,3
57,5,9,102.80669113120945,2
57,5,6,102.80669946454277,3
57,25,11,98.81339174386476,3
57,25,10,98.81340424386475,2
57,26,10,98.81340424386475,1
57,26,9,98.81343341053142,4
57,28,6,98.81344591053141,4
57,28,7,98.81345841053141,1
57,31,7,98.81345841053141,3
57,31,8,98.81345841053141,2
57,32,8,98.81345841053141,2
58,2,36,101.49545410431921,2
58,2,34,101.70795213933073,1
58,2,36,101.70795213933073,1
58,26,11,99.51616284694353,1
58,27,11,99.51616284694353,1
58,28,10,99.51616701361021,1
58,29,10,99.51616701361021,1
58,32,10,99.51616701361021,1
58,34,9,99.51619201361021,1
58,35,9,99.51619201361021,1
58,36,9,99.51619201361021,1
59,3,6,100.76385176511639,2
59,25,10,99.51619409694354,1
59,26,10,99.51619409694354,1
59,27,11,99.51620243027686,1
59,28,11,99.51620243027686,1
59,29,9,99.51621076361019,1
59,30,9,99.51621076361019,1
59,31,9,99.51621076361019,1
59,32,6,99.51622743027687,1
59,35,6,99.51622743027687,1
60,3,6,101.0829372653283,1
60,3,7,101.08295809866162,1
60,10,4,95.21917508448644,2
60,25,10,99.51621909694353,1
60,26,10,99.51621909694353,1
60,27,9,99.51622326361021,1
60,31,9,99.51622326361021,1
60,33,9,99.51622326361021,1
60,34,11,99.51623576361021,1
60,35,11,99.51623576361021,1
60,36,6,99.51623993027687,1
61,2,6,99.69666861935715,2
61,10,3,96.47173454112036,3
61,9,3,96.47173037445368,2
61,11,5,96.27498093214689,3
61,6,5,96.27497676548023,2
61,27,10,99.51623055527688,1
61,28,10,99.51623055527688,1
61,29,10,99.51623055527688,1
61,31,9,99.51623472194353,1
61,33,9,99.51623472194353,1
61,34,9,99.51623472194353,1
61,35,11,99.51624722194354,1
62,2,11,102.68575223976862,1
62,9,12,98.13584486828705,1
62,9,13,98.13584486828705,1
62,9,14,98.13584486828705,1
62,10,15,98.1358407016204,1
62,10,16,98.1358407016204,1
62,10,17,98.1358407016204,1
62,6,18,98.13583236828705,1
62,6,19,98.13583236828705,1
62,26,9,99.51625138861021,1
62,27,9,99.51625138861021,1
62,28,10,99.51625555527687,1
62,29,10,99.51625555527687,1
62,30,6,99.51626388861021,1
62,31,6,99.51626388861021,1
62,35,6,99.51626388861021,1
62,36,11,99.51626805527687,1
63,1,11,103.84682700381533,1
63,1,7,103.846856170482,3
63,11,2,98.53742505560996,3
63,7,2,98.53739588894328,1
63,8,2,98.53739172227662,1
63,25,9,99.51624722194353,1
63,30,9,99.51624722194353,1
63,31,10,99.51625138861021,1
63,32,10,99.51625138861021,1
63,33,6,99.51625972194354,1
63,34,6,99.51625972194354,1
63,35,6,99.51625972194354,1
64,2,4,96.54437377462287,4
64,25,6,99.51625972194353,1
64,26,6,99.51625972194353,1
64,27,6,99.51625972194353,1
64,28,9,99.51626805527687,1
64,30,9,99.51626805527687,1
64,31,10,99.51627222194354,1
64,33,10,99.51627222194354,1
64,34,11,99.51627638861021,1
64,35,11,99.51627638861021,1
65,1,7,103.90526960841366,4
65,1,8,103.90528627508033,1
65,3,8,100.90181747003732,3
65,3,36,101.30041824639719,1
65,25,6,99.52075331914278,1
65,26,6,99.52075331914278,1
65,28,9,99.52076581914278,1
65,29,9,99.52076581914278,1
65,30,10,99.52076998580944,1
65,33,10,99.52076998580944,1
66,6,2,98.27503080796836,2
66,4,7,100.7946521578925,2
66,12,6,109.43745192038605,2
66,12,7,109.43746442038605,3
66,13,9,109.43747275371939,2
66,13,11,109.43747275371939,2
66,13,10,109.43747692038605,1
66,14,10,109.43747692038605,1
66,14,8,109.43748942038606,4
66,15,3,110.35618953909076,1
66,15,3,110.53886798791686,4
66,16,3,110.56105614807441,2
66,16,4,110.6735024561123,3
66,17,4,110.6735024561123,1
66,17,5,110.86133226056793,2
66,17,3,110.98671559153428,2
66,18,3,110.98671559153428,2
66,18,2,111.46831510794809,2
66,18,5,111.46838399364907,1
66,19,2,111.51608404629214,3
66,19,2,111.7929157647216,2
67,7,25,101.29888981971942,2
67,6,25,101.2988814863861,3
67,8,25,101.2988689863861,2
67,9,25,101.29886065305277,3
67,11,25,101.29886065305277,1
67,11,26,101.29886065305277,2
67,10,26,101.2988564863861,4
68,25,1,95.67979737142466,1
68,26,1,95.67979737142466,1
68,28,1,95.67979737142466,1
68,29,1,95.67979737142466,1
68,5,26,103.76811591847738,3
68,6,26,99.9980869098541,2
68,6,29,99.9980869098541,1
68,7,29,99.99807440985408,1
68,7,30,99.99807440985408,1
68,9,30,99.99806607652076,1
68,9,31,99.99806607652076,2
68,10,32,99.99806607652076,2
68,10,33,99.99806607652076,1
68,11,33,99.99806607652076,1
68,11,34,99.99806607652076,2
68,8,35,99.99805357652076,2
69,6,25,99.78234574919028,1
69,6,26,99.78234574919028,1
69,9,27,99.78234158252363,1
69,9,28,99.78234158252363,1
69,9,30,99.78234158252363,1
69,10,32,99.78234158252363,1
69,10,33,99.78234158252363,1
70,10,1,94.90896804108812,1
70,11,1,94.90896804108812,2
70,9,25,99.78235095752362,1
70,9,26,99.78235095752362,1
70,9,27,99.78235095752362,1
70,10,28,99.78235095752362,1
70,10,29,99.78235095752362,1
70,10,31,99.78235095752362,1
70,11,32,99.78234679085696,1
70,11,33,99.78234679085696,1
70,11,34,99.78234679085696,1
70,6,35,99.78233429085695,1
70,6,36,99.78233429085695,1
71,11,26,99.7823238741903,1
71,11,28,99.7823238741903,1
71,9,29,99.78231970752363,1
71,9,31,99.78231970752363,1
71,10,32,99.78231970752363,1
71,10,35,99.78231970752363,1
72,6,1,96.52054294935486,2
72,7,1,96.52054294935486,2
72,8,1,96.52052211602152,1
72,11,28,99.78230304085696,1
72,11,30,99.78230304085696,1
72,9,31,99.7822988741903,1
72,9,32,99.7822988741903,1
72,10,33,99.7822988741903,1
72,10,35,99.7822988741903,1
72,6,36,99.7822863741903,1
73,6,2,98.54024449698137,1
73,7,2,98.54024449698137,2
73,8,2,98.5402278303147,1
73,30,2,98.39647191764993,1
73,33,3,97.71672973554321,1
73,34,3,97.71672973554321,1
73,35,3,97.71672973554321,1
73,4,11,104.61255479607013,1
73,12,11,104.74617965108935,2
73,13,11,104.74617965108935,1
73,13,9,104.74618798442268,1
73,14,9,104.74618798442268,2
73,15,10,104.74618798442268,2
73,16,10,104.74618798442268,1
73,16,6,104.74620048442267,1
73,17,6,104.74620048442267,2
73,18,6,104.74620048442267,1
73,18,7,104.74620048442267,1
73,19,7,104.74620048442267,2
73,11,25,99.7822863741903,1
73,11,26,99.7822863741903,1
73,9,27,99.78227804085698,1
73,9,28,99.78227804085698,1
73,10,30,99.78227804085698,1
73,10,31,99.78227804085698,1
73,6,32,99.78226554085698,1
73,6,34,99.78226554085698,1
73,7,35,99.78226554085698,1
73,7,36,99.78226554085698,1
74,11,12,89.85816738956854,2
74,9,12,89.8581590562352,2
74,10,12,89.8581590562352,1
74,10,13,89.8581590562352,1
74,6,13,89.85815072290187,2
74,7,13,89.8581465562352,2
74,8,14,89.85812988956853,1
74,36,14,89.71439272690375,1
74,32,14,89.47786146338899,3
74,33,15,89.47786146338899,5
74,34,16,89.47786146338899,5
74,5,17,89.23161290817421,4
74,26,17,88.69236999721565,1
74,26,18,88.69236999721565,5
74,26,19,88.69236999721565,5
75,27,11,98.87744894912238,3
75,27,9,98.87745728245571,1
75,29,9,98.87745728245571,2
75,29,10,98.87745728245571,2
75,30,10,98.87745728245571,1
75,30,6,98.87746561578905,3
75,31,6,98.87746561578905,1
75,31,7,98.87746978245572,3
75,33,7,98.87746978245572,1
75,33,8,98.87748228245572,3
75,34,8,98.87748228245572,1
76,25,11,99.48256518340014,1
76,30,11,99.48256518340014,1
76,32,11,99.48256518340014,1
76,33,9,99.48257351673348,1
76,36,9,99.48257351673348,1
77,1,9,103.36622480459718,1
77,1,10,103.36622480459718,3
77,1,6,103.36622897126384,1
77,25,11,99.48255893340014,1
77,26,11,99.48255893340014,1
77,27,11,99.48255893340014,1
77,30,9,99.48256726673347,1
77,32,9,99.48256726673347,1
77,33,9,99.48256726673347,1
77,34,10,99.48256726673347,1
77,35,10,99.48256726673347,1
77,36,10,99.48256726673347,1
78,26,9,99.48257872506682,1
78,27,9,99.48257872506682,1
78,28,10,99.48257872506682,1
78,29,10,99.48257872506682,1
78,30,11,99.48258705840014,1
78,31,11,99.48258705840014,1
78,32,6,99.48259539173347,1
78,33,6,99.48259539173347,1
78,34,6,99.48259539173347,1
78,35,7,99.48260372506681,1
79,9,2,95.03213050932197,2
79,25,9,99.4825974750668,1
79,26,9,99.4825974750668,1
79,28,6,99.48260164173348,1
79,29,6,99.48260164173348,1
79,31,6,99.48260164173348,1
79,32,10,99.48260580840014,1
79,33,10,99.48260580840014,1
80,9,1,95.41930984123526,1
80,25,6,99.4826099750668,1
80,26,6,99.4826099750668,1
80,29,9,99.48261414173348,1
80,31,9,99.48261414173348,1
80,32,10,99.48262664173348,1
80,33,10,99.48262664173348,1
80,35,11,99.48262664173348,1
80,36,11,99.48262664173348,1
81,6,1,98.09364213812978,3
81,9,1,98.09363797146312,2
81,26,6,99.48262143340013,1
81,30,6,99.48262143340013,1
81,31,6,99.48262143340013,1
81,32,9,99.48262976673345,1
81,33,9,99.48262976673345,1
81,34,7,99.48264643340012,1
81,36,7,99.48264643340012,1
82,6,3,94.92095980019911,2
82,5,7,101.46026524127814,1
82,5,10,101.4602694079448,2
82,12,6,109.37828679446184,2
82,12,7,109.37829512779518,3
82,13,9,109.37829929446184,2
82,13,11,109.37831179446184,2
82,13,10,109.37832012779518,1
82,14,10,109.37832012779518,1
82,14,8,109.37832429446183,4
82,15,25,109.52070327502872,1
82,15,26,109.52070327502872,1
82,15,27,109.52070327502872,1
82,15,28,109.52070327502872,1
82,15,29,109.52070327502872,1
82,16,30,109.52070327502872,1
82,16,31,109.52070327502872,1
82,16,32,109.52070327502872,1
82,16,33,109.52070327502872,1
82,16,34,109.52070327502872,1
82,17,35,109.52070327502872,1
82,17,26,110.0262367152051,2
82,17,28,110.0262367152051,2
82,18,28,110.0262367152051,5
82,19,28,110.0262367152051,4
82,19,29,110.0262367152051,1
83,2,29,100.89096933260232,3
83,7,12,90.10503484372904,3
83,6,12,90.10502234372905,2
83,6,13,90.10502234372905,1
83,8,13,90.10500984372905,2
83,9,13,90.10500984372905,2
83,9,14,90.10500984372905,1
83,11,14,90.10499734372905,3
83,10,14,90.10498901039571,1
83,10,15,90.10498901039571,3
83,25,15,89.81065851545361,1
83,26,15,89.81065851545361,1
83,27,16,89.81065851545361,1
83,28,16,89.81065851545361,1
83,29,16,89.81065851545361,1
83,30,16,89.81065851545361,1
83,31,16,89.81065851545361,1
83,32,17,89.81065851545361,1
83,35,17,89.81065851545361,1
83,36,17,89.81065851545361,1
83,34,17,89.60891977069437,2
83,34,18,89.60891977069437,1
83,35,18,89.60891977069437,4
83,36,19,89.60891977069437,4
83,4,19,88.80523730476374,1
84,25,6,98.93121808134673,3
84,25,7,98.93123058134672,1
84,26,7,98.93123058134672,2
84,26,9,98.93123058134672,2
84,28,11,98.93124308134672,2
84,28,10,98.93124724801339,2
84,29,8,98.93125141468005,3
85,25,7,99.54742846385078,1
85,30,7,99.54742846385078,1
85,31,7,99.54742846385078,1
85,32,6,99.54744096385078,1
85,33,6,99.54744096385078,1
85,35,8,99.5474492971841,1
85,36,8,99.5474492971841,1
86,7,12,96.9121177591233,1
86,7,13,96.9121177591233,1
86,7,14,96.9121177591233,1
86,8,15,96.9121177591233,1
86,8,16,96.9121177591233,1
86,6,17,96.91210942578996,1
86,6,18,96.91210942578996,1
86,6,19,96.91210942578996,1
86,25,7,99.54745658885078,1
86,26,7,99.54745658885078,1
86,27,8,99.54745658885078,1
86,28,8,99.54745658885078,1
86,29,8,99.54745658885078,1
86,32,6,99.5474649221841,1
86,34,6,99.5474649221841,1
86,35,9,99.5474649221841,1
86,36,9,99.5474649221841,1
87,9,5,97.85525686836633,1
87,25,7,99.54746179718413,1
87,26,7,99.54746179718413,1
87,27,8,99.54746179718413,1
87,28,8,99.54746179718413,1
87,32,8,99.54746179718413,1
87,33,6,99.54747013051745,1
87,36,6,99.54747013051745,1
88,1,9,100.35532361310642,2
88,1,11,100.35533194643975,2
88,1,10,100.35533611310643,1
88,25,8,99.54747013051744,1
88,26,8,99.54747013051744,1
88,28,7,99.54748263051744,1
88,29,7,99.54748263051744,1
88,31,6,99.54749096385076,1
88,32,6,99.54749096385076,1
88,33,9,99.54749929718409,1
88,36,9,99.54749929718409,1
89,4,10,104.39116539729278,1
89,25,8,99.54750658885077,1
89,26,8,99.54750658885077,1
89,27,7,99.54751908885076,1
89,28,7,99.54751908885076,1
89,31,6,99.54752742218409,1
89,32,6,99.54752742218409,1
89,33,9,99.54753575551743,1
89,34,9,99.54753575551743,1
89,35,11,99.54753575551743,1
89,36,11,99.54753575551743,1
90,25,8,99.54753992218409,1
90,27,8,99.54753992218409,1
90,30,7,99.54755242218408,1
90,31,7,99.54755242218408,1
90,32,6,99.54756075551742,1
90,34,6,99.54756075551742,1
90,35,10,99.5475649221841,1
91,3,9,100.60541868735109,1
91,25,8,99.54757013051743,1
91,26,8,99.54757013051743,1
91,29,7,99.54758263051743,1
91,31,7,99.54758263051743,1
91,33,6,99.54759096385075,1
91,34,10,99.54759096385075,1
91,35,11,99.54759096385075,1
92,3,9,101.66184301466865,1
92,3,25,101.82951197146119,1
92,8,4,99.16417902058984,3
92,7,4,99.16416652058984,2
92,25,8,99.54758471385077,1
92,26,8,99.54758471385077,1
92,27,7,99.54760138051743,1
92,28,7,99.54760138051743,1
92,29,6,99.54761388051745,1
92,31,10,99.54761388051745,1
92,32,11,99.54761388051745,1
92,36,9,99.5476180471841,1
93,8,2,99.13577837041096,2
93,8,3,94.99213378302495,1
93,8,25,99.64830309811182,1
93,8,26,99.64830309811182,1
93,8,27,99.64830309811182,1
93,7,30,99.64827393144517,1
93,7,31,99.64827393144517,1
93,7,32,99.64827393144517,1
93,7,33,99.64827393144517,1
93,6,34,99.64826559811183,1
93,6,36,99.64826559811183,1
94,5,8,100.54604886528591,2
94,5,7,100.54607803195258,1
94,5,6,100.5460863652859,1
94,5,10,100.5460863652859,1
94,8,25,99.6482791397785,1
94,8,26,99.6482791397785,1
94,8,27,99.6482791397785,1
94,7,28,99.64825830644517,1
94,7,29,99.64825830644517,1
94,7,32,99.64825830644517,1
94,6,34,99.64824163977849,1
94,6,35,99.64824163977849,1
94,6,36,99.64824163977849,1
95,8,26,99.6482635147785,1
95,8,27,99.6482635147785,1
95,8,28,99.6482635147785,1
95,7,29,99.64824268144518,1
95,7,30,99.64824268144518,1
95,7,31,99.64824268144518,1
95,6,32,99.64822601477852,1
95,6,33,99.64822601477852,1
95,6,34,99.64822601477852,1
95,6,35,99.64822601477852,1
96,8,25,99.64821872311182,1
96,8,26,99.64821872311182,1
96,7,29,99.64821455644517,1
96,7,31,99.64821455644517,1
96,7,33,99.64821455644517,1
96,6,35,99.64820205644517,1
97,7,26,99.64821455644518,1
97,7,27,99.64821455644518,1
97,7,29,99.64821455644518,1
97,8,30,99.64819788977852,1
97,8,31,99.64819788977852,1
97,6,32,99.64819372311186,1
97,6,35,99.64819372311186,1
97,6,36,99.64819372311186,1
98,11,1,97.37613382348519,2
98,6,25,99.64816247311185,1
98,6,26,99.64816247311185,1
98,6,27,99.64816247311185,1
98,7,28,99.64815830644518,1
98,7,29,99.64815830644518,1
98,8,30,99.64814580644519,1
98,8,33,99.64814580644519,1
98,11,34,99.64812080644518,1
98,11,35,99.64812080644518,1
98,11,36,99.64812080644518,1
99,11,1,96.71406067139603,1
99,9,1,96.71404817139603,2
99,25,6,99.86866869733804,3
99,27,7,99.8686853640047,3
99,28,8,99.8686978640047,3
99,29,11,99.8686978640047,2
99,29,9,99.86871869733804,1
99,30,10,99.86872703067138,1
99,30,25,99.95265525906763,1
99,30,26,99.95265525906763,1
99,31,26,99.95265525906763,1
99,31,27,99.95265525906763,2
99,32,28,99.95265525906763,2
99,34,32,99.95265525906763,2
99,34,33,99.95265525906763,1
99,35,33,99.95265525906763,1
99,36,35,99.95265525906763,2
100,5,36,101.31936175788258,2
100,5,29,101.75632553486622,1
100,26,6,99.93166278530191,2
100,26,7,99.93166278530191,1
100,27,7,99.93166278530191,2
100,27,8,99.9316752853019,1
100,30,8,99.9316752853019,2
100,30,11,99.93169611863523,1
100,31,11,99.93169611863523,1
100,31,9,99.9317127853019,1
100,31,10,99.93172111863524,1
102,7,3,98.82925813930561,3
102,8,3,98.82925397263895,1
102,8,5,95.99351231646683,1
102,6,5,95.99350398313351,2
103,6,1,97.06135684059598,3
103,7,1,97.06135684059598,2
105,1,28,102.63531834199416,1
105,1,29,102.63531834199416,1
106,25,12,97.48217206442825,1
106,28,13,97.48217206442825,1
106,30,14,97.48217206442825,1
106,31,15,97.48217206442825,1
106,32,16,97.48217206442825,1
106,33,17,97.48217206442825,1
106,34,18,97.48217206442825,1
106,25,19,97.48160916034689,1
110,2,27,101.14028250441166,1
110,2,28,101.14028250441166,1
110,2,29,101.14028250441166,1
110,2,31,101.14028250441166,1
110,2,33,101.14028250441166,1
111,1,34,105.08417988007734,1
111,1,36,105.08417988007734,1
111,1,27,105.08422567780293,1
111,3,28,105.02661142254955,1
111,3,29,105.02661142254955,1
111,3,31,105.02661142254955,1
111,3,32,105.02661142254955,1
114,2,25,101.71179316676123,1
114,2,26,101.71179316676123,1
115,25,5,95.55579777124424,1
115,26,5,95.55579777124424,1
115,28,5,95.55579777124424,1
115,30,5,95.55579777124424,1
116,31,2,99.81205930334323,1
116,32,2,99.81205930334323,1
116,34,2,99.81205930334323,1
116,25,2,99.81205846612646,1
116,26,2,99.81205846612646,1
116,27,12,90.35310907585091,1
116,29,12,90.35310907585091,1
116,30,12,90.35310907585091,1
116,31,12,90.35310907585091,1
116,32,12,90.35310907585091,1
116,34,13,90.35310907585091,1
116,35,13,90.35310907585091,1
116,36,13,90.35310907585091,1
116,25,13,90.3531057269838,1
116,26,13,90.3531057269838,1
116,27,14,90.3531057269838,1
116,29,14,90.3531057269838,1
116,31,14,90.3531057269838,1
116,32,14,90.3531057269838,1
116,33,14,90.3531057269838,1
116,34,15,90.3531057269838,1
116,35,15,90.3531057269838,1
116,36,15,90.3531057269838,1
116,25,15,90.35308585106395,1
116,27,15,90.35308585106395,1
116,28,16,90.35308585106395,1
116,29,16,90.35308585106395,1
116,30,16,90.35308585106395,1
116,33,16,90.35308585106395,1
116,35,16,90.35308585106395,1
116,26,17,90.35296054965897,1
116,27,17,90.35296054965897,1
116,29,17,90.35296054965897,1
116,30,17,90.35296054965897,1
116,31,17,90.35296054965897,1
116,33,18,90.35296054965897,1
116,34,18,90.35296054965897,1
116,36,18,90.35296054965897,1
116,26,18,90.35245934403909,1
116,28,18,90.35245934403909,1
116,29,19,90.35245934403909,1
116,30,19,90.35245934403909,1
116,31,19,90.35245934403909,1
116,32,19,90.35245934403909,1
116,33,19,90.35245934403909,1
117,1,25,105.19192405148036,1
117,1,26,105.19192405148036,1
117,1,28,105.19192405148036,1
117,1,29,105.19192405148036,1
117,4,30,101.51234323223295,1
117,4,31,101.51234323223295,1
120,25,5,97.93503173773905,1
120,26,5,97.93503173773905,1
120,27,5,97.93503173773905,1
120,28,5,97.93503173773905,1
120,29,5,97.93503173773905,1
121,4,35,101.16315894464529,1
122,26,2,99.01468793405486,1
122,28,2,99.01468793405486,1
122,29,2,99.01468793405486,1
122,30,2,99.01468793405486,1
123,3,36,104.92918597464165,1
123,3,26,104.92918601049114,1
123,3,28,104.92918601049114,1
123,3,30,104.92918601049114,1
123,12,31,105.01100391419266,1
123,12,32,105.01100391419266,1
123,13,33,105.01100391419266,1
123,13,34,105.01100391419266,1
123,14,35,105.01100391419266,1
123,14,36,105.01100391419266,1
123,15,28,105.01100405759064,1
123,15,29,105.01100405759064,1
123,16,30,105.01100405759064,1
123,16,31,105.01100405759064,1
123,17,33,105.01100405759064,1
123,17,34,105.01100405759064,1
123,18,36,105.01100405759064,1
123,18,27,105.01100463118252,1
123,19,28,105.01100463118252,1
123,19,29,105.01100463118252,1
126,25,3,98.3583967975272,1
126,28,3,98.3583967975272,1
126,29,3,98.3583967975272,1
126,30,3,98.3583967975272,1
127,26,3,100.09037700842836,1
127,27,3,100.09037700842836,1
127,28,3,100.09037700842836,1
127,29,3,100.09037700842836,1
129,3,25,102.22022241600354,1
129,3,26,102.22022241600354,1
129,3,28,102.22022241600354,1
129,30,12,98.40157427547908,1
129,31,13,98.40157427547908,1
129,33,14,98.40157427547908,1
129,36,15,98.40157427547908,1
129,31,16,98.4015742376397,1
129,32,17,98.4015742376397,1
129,33,18,98.4015742376397,1
129,34,19,98.4015742376397,1
131,3,29,102.85099626765606,1
131,28,12,98.54439178897918,1
131,29,13,98.54439178897918,1
131,30,14,98.54439178897918,1
131,31,15,98.54439178897918,1
131,33,16,98.54439178897918,1
131,35,17,98.54439178897918,1
131,35,18,98.54439175985829,1
131,36,19,98.54439175985829,1
132,3,30,100.89331557815416,1
132,3,31,100.89331557815416,1
132,3,33,100.89331557815416,1
132,3,34,100.89331557815416,1
133,25,4,98.56964880047306,1
133,26,4,98.56964880047306,1
133,28,4,98.56964880047306,1
133,32,4,98.56964880047306,1
133,33,4,98.56964880047306,1
134,12,26,104.46655916675567,1
134,12,27,104.46655916675567,1
134,13,28,104.46655916675567,1
134,13,29,104.46655916675567,1
134,14,30,104.46655916675567,1
134,14,32,104.46655916675567,1
134,15,33,104.46655916675567,1
134,15,35,104.46655916675567,1
134,16,29,104.46655916832088,1
134,16,30,104.46655916832088,1
134,17,32,104.46655916832088,1
134,17,33,104.46655916832088,1
134,18,35,104.46655916832088,1
134,18,36,104.46655916832088,1
134,19,25,104.46655917496355,1
134,19,27,104.46655917496355,1
135,1,28,100.87818902012773,1
135,25,12,92.63444346264711,1
135,26,12,92.63444346264711,1
135,27,12,92.63444346264711,1
135,29,13,92.63444346264711,1
135,30,13,92.63444346264711,1
135,32,13,92.63444346264711,1
135,33,14,92.63444346264711,1
135,34,14,92.63444346264711,1
135,35,14,92.63444346264711,1
135,36,15,92.63444346264711,1
135,35,15,92.63444346216824,1
135,36,15,92.63444346216824,1
135,25,16,92.63444346034817,1
135,27,16,92.63444346034817,1
135,29,16,92.63444346034817,1
135,30,17,92.63444346034817,1
135,31,17,92.63444346034817,1
135,32,17,92.63444346034817,1
135,33,18,92.63444346034817,1
135,34,18,92.63444346034817,1
135,35,18,92.63444346034817,1
135,36,19,92.63444346034817,1
135,26,19,92.63444330481914,1
135,27,19,92.63444330481914,1
139,4,25,102.7852338150986,1
139,4,26,102.7852338150986,1
139,12,27,107.03588988515284,1
139,12,29,107.03588988515284,1
139,12,31,107.03588988515284,1
139,13,32,107.03588988515284,1
139,13,34,107.03588988515284,1
139,13,35,107.03588988515284,1
139,14,36,107.03588988515284,1
139,14,29,107.03588989158033,1
139,14,30,107.03588989158033,1
139,15,31,107.03588989158033,1
139,15,32,107.03588989158033,1
139,15,33,107.03588989158033,1
139,16,34,107.03588989158033,1
139,16,35,107.03588989158033,1
139,16,27,107.03588991815096,1
139,17,28,107.03588991815096,1
139,17,29,107.03588991815096,1
139,17,31,107.03588991815096,1
139,18,32,107.03588991815096,1
139,18,33,107.03588991815096,1
139,18,34,107.03588991815096,1
139,19,36,107.03588991815096,1
139,19,25,107.0358900622729,1
139,19,26,107.0358900622729,1
141,25,12,90.3531099350422,1
141,26,12,90.3531099350422,1
141,27,12,90.3531099350422,1
141,29,12,90.3531099350422,1
141,30,12,90.3531099350422,1
141,31,13,90.3531099350422,1
141,32,13,90.3531099350422,1
141,33,13,90.3531099350422,1
141,34,13,90.3531099350422,1
141,35,13,90.3531099350422,1
141,36,14,90.3531099350422,1
141,26,14,90.35310993369335,1
141,27,14,90.35310993369335,1
141,28,14,90.35310993369335,1
141,30,14,90.35310993369335,1
141,31,15,90.35310993369335,1
141,32,15,90.35310993369335,1
141,33,15,90.35310993369335,1
141,36,15,90.35310993369335,1
141,25,15,90.35310992625986,1
141,26,16,90.35310992625986,1
141,27,16,90.35310992625986,1
141,28,16,90.35310992625986,1
141,29,16,90.35310992625986,1
141,30,16,90.35310992625986,1
141,31,17,90.35310992625986,1
141,32,17,90.35310992625986,1
141,34,17,90.35310992625986,1
141,35,17,90.35310992625986,1
141,36,17,90.35310992625986,1
141,25,18,90.35310989652592,1
141,28,18,90.35310989652592,1
141,29,18,90.35310989652592,1
141,31,18,90.35310989652592,1
141,34,18,90.35310989652592,1
141,35,19,90.35310989652592,1
141,36,19,90.35310989652592,1
141,29,19,90.35310977759013,1
141,31,19,90.35310977759013,1
141,32,19,90.35310977759013,1
143,25,2,98.53485650307324,1
143,5,25,104.07695277372736,1
143,5,27,104.07695277372736,1
143,5,29,104.07695277372736,1
143,5,31,104.07695277372736,1
143,5,32,104.07695277372736,1
144,4,34,104.70145848474013,1
144,4,36,104.70145848474013,1
144,4,25,104.70145848482812,1
145,25,5,96.14250227492818,1
145,26,5,96.14250227492818,1
145,28,5,96.14250227492818,1
145,29,5,96.14250227492818,1
145,30,5,96.14250227492818,1
146,1,26,102.9076516595315,1
146,1,27,102.9076516595315,1
146,1,28,102.9076516595315,1
146,12,29,100.93213327823824,1
146,13,30,100.93213327823824,1
146,14,33,100.93213327823824,1
146,15,34,100.93213327823824,1
146,16,35,100.93213327823824,1
146,17,36,100.93213327823824,1
146,18,26,100.93213327830676,1
146,19,27,100.93213327830676,1
147,31,2,100.34112531660449,1
147,32,2,100.34112531660449,1
147,34,2,100.34112531660449,1
147,35,2,100.34112531660449,1
147,26,2,100.34112531658891,1
148,25,2,98.76003341588421,1
148,26,2,98.76003341588421,1
148,27,2,98.76003341588421,1
149,4,25,101.54737083790661,1
149,4,26,101.54737083790661,1
149,29,26,100.39109839871928,1
149,30,27,100.39109839871928,1
149,31,29,100.39109839871928,1
149,34,30,100.39109839871928,1
149,35,31,100.39109839871928,1
149,36,32,100.39109839871928,1
149,27,34,100.39109839869923,1
149,28,36,100.39109839869923,1
150,1,27,104.70306241053058,1
150,1,28,104.70306241053058,1
150,1,29,104.70306241053058,1
150,1,31,104.70306241053058,1
150,29,25,100.39109839869421,1
150,31,26,100.39109839869421,1
150,32,27,100.39109839869421,1
150,34,28,100.39109839869421,1
150,26,30,100.3910983986319,1
150,28,32,100.3910983986319,1
150,29,36,100.3910983986319,1
151,3,32,103.97554261321903,1
151,3,33,103.97554261321903,1
151,3,34,103.97554261321903,1
151,3,35,103.97554261321903,1
151,3,36,103.97554261321903,1
151,4,25,103.72603248937921,1
151,4,26,103.72603248937921,1
151,4,27,103.72603248937921,1
151,30,25,100.39109839861632,1
151,33,26,100.39109839861632,1
151,34,27,100.39109839861632,1
151,35,28,100.39109839861632,1
151,36,29,100.39109839861632,1
151,33,30,100.39109824082705,1
151,36,31,100.39109824082705,1
151,32,33,100.39109776431546,1
151,33,34,100.39109776431546,1
151,34,35,100.39109776431546,1
151,35,36,100.39109776431546,1
152,36,25,100.39109760574104,1
152,28,26,100.39109569969469,1
152,29,27,100.39109569969469,1
152,34,29,100.39109569969469,1
152,35,30,100.39109569969469,1
152,36,31,100.39109569969469,1
152,31,33,100.39108807550929,1
152,32,34,100.39108807550929,1
152,34,35,100.39108807550929,1
152,25,36,100.39105757876767,1
153,26,27,100.39104757202433,1
153,27,28,100.39104757202433,1
153,29,30,100.39104757202433,1
153,30,31,100.39104757202433,1
153,31,32,100.39104757202433,1
153,34,33,100.39104757202433,1
153,36,35,100.39104757202433,1
154,26,2,95.99308042098163,1
154,29,2,95.99308042098163,1
154,30,2,95.99308042098163,1
154,31,2,95.99308042098163,1
154,33,3,99.12064802602937,1
154,34,26,100.39089508831627,1
154,35,30,100.39089508831627,1
154,34,31,100.39040714045048,1
154,35,33,100.39040714045048,1
154,36,35,100.39040714045048,1
156,1,26,100.66048123293663,1
156,4,27,103.48593686612097,1
156,4,30,103.48593686612097,1
156,4,31,103.48593686612097,1
156,4,33,103.48593686612097,1
156,4,36,103.48593686612097,1
157,12,36,103.9581091436458,1
157,13,28,103.95939577989259,1
157,14,29,103.95939577989259,1
157,15,30,103.95939577989259,1
157,16,32,103.95939577989259,1
157,17,33,103.95939577989259,1
157,18,35,103.95939577989259,1
157,19,36,103.95939577989259,1
159,26,12,91.46962156213439,1
159,31,12,91.46962156213439,1
159,33,12,91.46962156213439,1
159,34,12,91.46962156213439,1
159,35,13,91.46962156213439,1
159,36,13,91.46962156213439,1
159,26,13,91.46926417349951,1
159,27,13,91.46926417349951,1
159,28,14,91.46926417349951,1
159,29,14,91.46926417349951,1
159,31,14,91.46926417349951,1
159,32,14,91.46926417349951,1
159,33,15,91.46926417349951,1
159,34,15,91.46926417349951,1
159,6,15,91.45717323744194,2
159,7,16,91.45716073744194,2
159,8,16,91.45716073744194,2
159,11,17,91.4571274041086,4
159,9,18,91.45711490410861,4
159,10,19,91.45710657077527,4
160,6,12,97.776242200301,1
160,6,13,97.776242200301,1
160,7,14,97.776229700301,1
160,7,15,97.776229700301,1
160,8,16,97.776229700301,1
160,8,17,97.776229700301,1
160,11,18,97.77622136696768,1
160,11,19,97.77622136696768,1
161,1,6,100.79175658292299,3
162,25,2,95.61050965340331,1
162,26,2,95.61050965340331,1
162,27,4,98.70492515001948,1
162,29,4,98.70492515001948,1
164,1,25,103.86328134987927,1
164,1,26,103.86328134987927,1
164,1,28,103.86328134987927,1
164,1,30,103.86328134987927,1
164,1,31,103.86328134987927,1
165,26,12,95.79203817128243,1
165,29,12,95.79203817128243,1
165,30,13,95.79203817128243,1
165,31,13,95.79203817128243,1
165,32,14,95.79203817128243,1
165,33,14,95.79203817128243,1
165,34,15,95.79203817128243,1
165,35,15,95.79203817128243,1
165,25,16,95.79176551663501,1
165,26,16,95.79176551663501,1
165,27,17,95.79176551663501,1
165,28,17,95.79176551663501,1
165,29,18,95.79176551663501,1
165,31,18,95.79176551663501,1
165,32,19,95.79176551663501,1
165,33,19,95.79176551663501,1
167,25,5,96.42679217984629,1
167,26,5,96.42679217984629,1
167,12,34,103.09080573841564,1
167,13,35,103.09080573841564,1
167,14,25,103.09086306360007,1
167,15,26,103.09086306360007,1
167,16,27,103.09086306360007,1
167,17,28,103.09086306360007,1
167,18,30,103.09086306360007,1
167,19,31,103.09086306360007,1
168,2,32,100.88073208931218,1
168,2,33,100.88073208931218,1
168,2,34,100.88073208931218,1
168,2,36,100.88073208931218,1
168,2,25,100.88096139004988,1
168,3,28,100.72683707705536,1
168,3,30,100.72683707705536,1
168,4,32,104.84287273135668,1
168,4,33,104.84287273135668,1
168,4,34,104.84287273135668,1
169,1,25,100.65930986491594,1
169,1,26,100.65930986491594,1
169,1,27,100.65930986491594,1
169,1,28,100.65930986491594,1
169,4,29,103.07600164441595,1
169,4,30,103.07600164441595,1
169,4,31,103.07600164441595,1
169,4,33,103.07600164441595,1
169,4,34,103.07600164441595,1
172,25,2,99.78718498769354,1
172,28,2,99.78718498769354,1
172,29,2,99.78718498769354,1
172,30,2,99.78718498769354,1
173,31,3,97.46890366856286,1
173,32,3,97.46890366856286,1
173,33,3,97.46890366856286,1
173,34,3,97.46890366856286,1
174,36,3,96.8939414991384,1
174,27,3,96.89394065109755,1
174,28,3,96.89394065109755,1
174,30,3,96.89394065109755,1
176,25,2,96.41692884198568,1
176,4,26,104.66483853917858,1
176,4,27,104.66483853917858,1
176,4,28,104.66483853917858,1
176,4,31,104.66483853917858,1
176,4,32,104.66483853917858,1
177,2,26,104.76375387251592,1
177,5,27,100.60932865956309,1
178,26,1,97.40087692893307,1
178,27,1,97.40087692893307,1
178,28,1,97.40087692893307,1
178,29,1,97.40087692893307,1
178,30,1,97.40087692893307,1
180,4,25,102.67405844128407,1
180,4,26,102.67405844128407,1
180,4,27,102.67405844128407,1
180,4,28,102.67405844128407,1
182,25,2,97.03287735786685,1
182,27,2,97.03287735786685,1
182,28,2,97.03287735786685,1
182,29,2,97.03287735786685,1
183,26,1,96.91451979516515,1
183,27,1,96.91451979516515,1
183,32,1,96.91451979516515,1
184,26,4,97.08539002750632,1
184,27,4,97.08539002750632,1
184,28,4,97.08539002750632,1
188,4,26,103.58519829479592,1
188,4,27,103.58519829479592,1
189,25,4,98.10063145630147,1
189,27,4,98.10063145630147,1
189,29,4,98.10063145630147,1
190,2,26,105.20524152853558,1
193,30,1,96.94822348836459,1
193,32,1,96.94822348836459,1
193,34,1,96.94822348836459,1
193,35,1,96.94822348836459,1
194,3,27,102.58233602442193,1
194,3,29,102.58233602442193,1
194,3,30,102.58233602442193,1
194,3,32,102.58233602442193,1
196,36,5,99.53548982721145,1
196,28,5,99.53548982721145,1
196,31,5,99.53548982721145,1
196,32,5,99.53548982721145,1
196,33,5,99.53548982721145,1
196,12,33,110.00546206881538,1
196,12,35,110.00546206881538,1
196,12,28,110.00546206881539,1
196,12,29,110.00546206881539,1
196,13,30,110.00546206881539,1
196,13,31,110.00546206881539,1
196,13,32,110.00546206881539,1
196,13,33,110.00546206881539,1
196,14,35,110.00546206881539,1
196,14,36,110.00546206881539,1
196,14,26,110.00546206881542,1
196,14,27,110.00546206881542,1
196,15,29,110.00546206881542,1
196,15,30,110.00546206881542,1
196,15,31,110.00546206881542,1
196,15,35,110.00546206881542,1
196,16,36,110.00546206881542,1
196,16,25,110.00546206881555,1
196,16,27,110.00546206881555,1
196,16,28,110.00546206881555,1
196,17,29,110.00546206881555,1
196,17,30,110.00546206881555,1
196,17,31,110.00546206881555,1
196,17,36,110.00546206881555,1
196,18,29,110.00546206889966,1
196,18,31,110.00546206889966,1
196,18,33,110.00546206889966,1
196,18,34,110.00546206889966,1
196,19,35,110.00546206889966,1
196,19,36,110.00546206889966,1
196,19,26,110.0054620695712,1
196,19,27,110.0054620695712,1
197,34,12,94.37455065835944,1
197,35,12,94.37455065835944,1
197,26,13,94.37455065835944,1
197,27,13,94.37455065835944,1
197,28,14,94.37455065835944,1
197,29,14,94.37455065835944,1
197,30,15,94.37455065835944,1
197,32,15,94.37455065835944,1
197,34,16,94.37455065835944,1
197,35,16,94.37455065835944,1
197,36,17,94.37455065835944,1
197,27,17,94.37455065835944,1
197,28,18,94.37455065835944,1
197,29,18,94.37455065835944,1
197,30,19,94.37455065835944,1
197,31,19,94.37455065835944,1
198,33,3,100.12801617411642,1
198,34,3,100.12801617411642,1
198,35,3,100.12801617411642,1
198,36,3,100.12801617411642,1
198,25,3,100.12801617411642,1
199,27,4,96.12661759416766,1
199,29,4,96.12661759416766,1
199,30,4,96.12661759416766,1
199,32,4,96.12661759416766,1
199,33,4,96.12661759416766,1
199,34,25,100.25667965535521,1
199,35,25,100.25667965535521,1
199,36,26,100.25667965535521,1
199,27,26,100.25667965535521,1
199,28,29,100.25667965535521,1
199,30,29,100.25667965535521,1
199,32,30,100.25667965535521,1
199,33,30,100.25667965535521,1
199,34,31,100.25667965535521,1
199,36,31,100.25667965535521,1
199,25,33,100.25667965535521,1
199,27,33,100.25667965535521,1
199,29,34,100.25667965535521,1
199,30,34,100.25667965535521,1
199,33,36,100.25667965535521,1
199,34,36,100.25667965535521,1
200,35,25,100.25667965535521,1
200,36,25,100.25667965535521,1
200,26,27,100.25667965535521,1
200,28,27,100.25667965535521,1
200,29,28,100.25667965535521,1
200,30,28,100.25667965535521,1
200,33,30,100.25667965535521,1
200,34,30,100.25667965535521,1
200,36,31,100.25667965535521,1
200,25,31,100.25667965535519,1
200,26,32,100.25667965535519,1
200,27,32,100.25667965535519,1
200,28,33,100.25667965535519,1
200,29,33,100.25667965535519,1
200,30,34,100.25667965535519,1
200,31,34,100.25667965535519,1
200,33,35,100.25667965535519,1
200,34,35,100.25667965535519,1
200,35,36,100.25667965535519,1
200,25,36,100.25667965535494,1
201,12,25,106.53366049881704,1
201,12,26,106.53366049881704,1
201,12,30,106.53366049881704,1
201,13,31,106.53366049881704,1
201,13,32,106.53366049881704,1
201,13,33,106.53366049881704,1
201,14,34,106.53366049881704,1
201,14,35,106.53366049881704,1
201,14,36,106.53366049881704,1
201,15,25,106.53366049895877,1
201,15,26,106.53366049895877,1
201,15,27,106.53366049895877,1
201,16,28,106.53366049895877,1
201,16,29,106.53366049895877,1
201,16,30,106.53366049895877,1
201,17,32,106.53366049895877,1
201,17,33,106.53366049895877,1
201,17,34,106.53366049895877,1
201,18,35,106.53366049895877,1
201,18,28,106.53366049952561,1
201,18,29,106.53366049952561,1
201,19,33,106.53366049952561,1
201,19,34,106.53366049952561,1
201,19,35,106.53366049952561,1
201,26,25,100.25667965535489,1
201,27,25,100.25667965535489,1
201,30,27,100.25667965535489,1
201,32,27,100.25667965535489,1
201,33,28,100.25667965535489,1
201,34,28,100.25667965535489,1
201,35,29,100.25667965535489,1
201,36,29,100.25667965535489,1
201,29,30,100.2566796553539,1
201,31,30,100.2566796553539,1
201,32,31,100.2566796553539,1
201,35,31,100.2566796553539,1
201,34,33,100.25667965534998,1
201,35,33,100.25667965534998,1
201,36,34,100.25667965534998,1
201,30,34,100.2566796553343,1
201,31,35,100.2566796553343,1
201,32,35,100.2566796553343,1
201,33,36,100.2566796553343,1
201,34,36,100.2566796553343,1
202,35,25,100.2566796555063,1
202,36,25,100.2566796555063,1
202,25,28,100.25667965544355,1
202,26,28,100.25667965544355,1
202,27,29,100.25667965544355,1
202,28,29,100.25667965544355,1
202,29,30,100.25667965544355,1
202,31,30,100.25667965544355,1
202,32,31,100.25667965544355,1
202,34,31,100.25667965544355,1
202,36,35,100.25667965544355,1
202,33,35,100.25667965510844,1
203,12,36,106.49354577538512,1
203,12,29,106.49354577807127,1
203,12,30,106.49354577807127,1
203,13,31,106.49354577807127,1
203,13,33,106.49354577807127,1
203,13,34,106.49354577807127,1
203,14,35,106.49354577807127,1
203,14,36,106.49354577807127,1
203,14,34,106.49354578881585,1
203,15,35,106.49354578881585,1
203,15,36,106.49354578881585,1
203,15,25,106.49354590900748,1
203,16,26,106.49354590900748,1
203,16,27,106.49354590900748,1
203,16,28,106.49354590900748,1
203,17,29,106.49354590900748,1
203,17,30,106.49354590900748,1
203,17,32,106.49354590900748,1
203,18,35,106.49354590900748,1
203,18,25,106.49354638977405,1
203,18,26,106.49354638977405,1
203,19,27,106.49354638977405,1
203,19,28,106.49354638977405,1
203,19,29,106.49354638977405,1
203,34,25,100.25667965500898,1
203,35,25,100.25667965500898,1
203,25,26,100.25667963956633,1
203,27,26,100.25667963956633,1
203,29,28,100.25667963956633,1
203,31,28,100.25667963956633,1
203,33,29,100.25667963956633,1
203,35,29,100.25667963956633,1
203,36,33,100.25667963956633,1
203,31,33,100.25667872975481,1
203,32,34,100.25667872975481,1
203,33,34,100.25667872975481,1
203,34,36,100.25667872975481,1
203,35,36,100.25667872975481,1
204,36,26,100.2566786520385,1
204,27,26,100.25667439180964,1
204,28,27,100.25667439180964,1
204,29,27,100.25667439180964,1
204,30,28,100.25667439180964,1
204,32,28,100.25667439180964,1
204,33,29,100.25667439180964,1
204,34,29,100.25667439180964,1
204,36,31,100.25667439180964,1
204,25,31,100.25665735089417,1
204,26,34,100.25665735089417,1
204,28,34,100.25665735089417,1
204,29,35,100.25665735089417,1
204,30,35,100.25665735089417,1
204,33,36,100.25665735089417,1
204,34,36,100.25665735089417,1
205,35,1,98.1313160703383,1
205,25,1,98.12988463343939,1
205,27,1,98.12988463343939,1
205,30,26,100.25522058870916,1
205,31,26,100.25522058870916,1
205,32,28,100.25522058870916,1
205,34,28,100.25522058870916,1
205,35,29,100.25522058870916,1
205,36,29,100.25522058870916,1
205,31,30,100.2508581143505,1
205,32,30,100.2508581143505,1
205,33,31,100.2508581143505,1
205,36,31,100.2508581143505,1
205,26,34,100.24474856832558,1
205,28,34,100.24474856832558,1
205,30,35,100.24474856832558,1
205,31,35,100.24474856832558,1
205,32,36,100.24474856832558,1
205,33,36,100.24474856832558,1
206,34,1,95.74066523710735,1
206,35,1,95.74066523710735,1
206,36,1,95.74066523710735,1
206,6,1,95.74007178203752,1
206,5,31,105.2375070969677,1
206,5,32,105.2375070969677,1
206,5,33,105.2375070969677,1
206,5,35,105.2375070969677,1
206,6,25,100.23522335362718,2
206,11,26,100.23521085362718,2
206,11,27,100.23521085362718,1
206,7,27,100.23520252029385,1
206,7,28,100.23520252029385,1
206,8,28,100.23520252029385,1
206,8,29,100.23520252029385,1
206,9,29,100.23519002029384,1
206,9,30,100.23519002029384,2
206,9,32,100.23519002029384,1
206,10,32,100.23518168696052,1
206,10,35,100.23518168696052,2
206,10,36,100.23518168696052,1
206,20,36,100.20599416849551,1
207,11,25,100.2083894519951,2
207,11,26,100.2083894519951,1
207,6,26,100.20838111866178,1
207,6,27,100.20838111866178,1
207,9,27,100.20837278532844,1
207,9,28,100.20837278532844,2
207,10,29,100.2083644519951,2
207,10,32,100.2083644519951,1
207,7,32,100.20836028532844,1
207,7,34,100.20836028532844,1
207,8,34,100.20836028532844,1
207,8,35,100.20836028532844,1
207,20,35,100.19704953461815,1
207,21,36,100.19704953461815,2
208,11,27,100.19989701396239,2
208,11,28,100.19989701396239,1
208,9,28,100.19988034729572,1
208,9,29,100.19988034729572,2
208,10,30,100.19987201396239,2
208,10,31,100.19987201396239,1
208,6,31,100.19986784729572,1
208,6,32,100.19986784729572,1
208,7,32,100.1998470139624,1
208,8,35,100.1998470139624,1
208,22,35,100.1942145552739,1
208,22,36,100.1942145552739,1
208,23,36,100.1942145552739,1
209,9,25,100.19563100327937,2
209,9,27,100.19563100327937,1
209,10,27,100.19562266994603,1
209,10,28,100.19562266994603,2
209,11,29,100.19562266994603,2
209,6,30,100.19559766994604,2
209,7,32,100.19558100327936,1
209,8,32,100.19558100327936,1
209,3,33,100.19382164499386,2
209,3,35,100.19382164499386,1
209,23,35,100.19279394060179,1
209,24,36,100.19279394060179,2
210,10,25,100.19350736968357,2
210,10,26,100.19350736968357,1
210,9,26,100.19349903635023,1
210,9,28,100.19349903635023,1
210,11,28,100.19348653635024,1
210,11,29,100.19348653635024,1
210,6,29,100.19346153635024,1
210,7,31,100.19344903635024,1
210,8,31,100.19344903635024,1
210,20,33,100.1920846695086,2
210,21,35,100.1920846695086,2
211,22,1,96.79843020697493,2
211,23,1,96.79843020697493,2
211,24,1,96.79843020697493,1
211,2,10,102.54000045586311,3
211,2,9,102.54000878919643,2
211,10,25,100.19244034455235,2
211,10,26,100.19244034455235,1
211,9,26,100.19243201121901,1
211,9,27,100.19243201121901,1
211,11,27,100.19241117788567,1
211,11,28,100.19241117788567,1
211,6,28,100.19239034455235,1
211,7,30,100.19237784455234,1
211,8,30,100.19237784455234,1
211,24,31,100.19172899446485,1
211,20,31,100.1917289167583,1
211,20,32,100.1917289167583,1
211,21,32,100.1917289167583,1
211,21,34,100.1917289167583,1
211,22,34,100.1917289167583,1
211,22,35,100.1917289167583,1
211,23,35,100.1917289167583,1
212,10,28,100.19189427370681,2
212,9,29,100.19189010704014,2
212,11,32,100.1918692737068,2
212,6,33,100.19185260704015,1
212,7,33,100.19184010704015,1
212,8,34,100.19184010704015,1
212,23,34,100.19155105980978,1
212,24,35,100.19155105980978,2
213,10,26,100.16437223154537,2
213,9,27,100.16436806487872,2
213,11,29,100.16434723154538,1
213,6,29,100.16433473154538,1
213,7,30,100.16432223154538,1
213,8,30,100.16432223154538,1
213,2,32,100.14603809232665,2
213,2,33,100.14603809232665,1
213,32,33,100.07484609987642,1
213,32,34,100.07484609987642,2
213,33,35,100.07484609987642,2
213,33,36,100.07484609987642,1
213,34,36,100.07484609987642,1
214,10,25,100.09721929946033,1
214,10,27,100.09721929946033,1
214,9,28,100.09721513279368,1
214,9,33,100.09721513279368,1
214,11,35,100.097198466127,1
215,6,5,96.69224031738348,1
215,7,5,96.69222781738348,1
215,8,5,96.69222781738348,1
215,34,5,96.64751891821567,1
215,10,25,100.097185966127,1
215,10,26,100.097185966127,1
215,9,27,100.09718179946033,1
215,9,28,100.09718179946033,1
215,11,29,100.09716929946032,1
215,6,31,100.09715679946032,1
215,7,32,100.09714429946033,1
215,8,33,100.09714429946033,1
215,34,35,100.05245623362585,1
215,35,36,100.05245623362585,1
216,35,5,98.61233317909512,1
216,12,10,101.75126283963253,1
216,13,10,101.75126283963253,1
216,14,10,101.75126283963253,1
216,15,10,101.75126283963253,1
216,16,9,101.7512670062992,1
216,17,9,101.7512670062992,1
216,18,9,101.7512670062992,1
216,19,9,101.7512670062992,1
216,10,25,100.0636303334178,1
216,9,26,100.06362616675113,1
216,11,27,100.06361783341781,1
216,6,28,100.0636053334178,1
216,7,29,100.0635928334178,1
216,8,30,100.0635928334178,1
216,35,31,100.04127380050056,1
216,36,33,100.04127380050056,1
217,1,36,100.68674201218607,1
217,1,11,100.76981333687581,2
217,5,3,99.77164933343116,3
217,10,25,99.89333499228246,1
217,10,26,99.89333499228246,1
217,9,27,99.89333082561579,1
217,9,28,99.89333082561579,1
217,11,29,99.89331415894912,1
217,6,31,99.89329332561579,1
220,25,3,98.05038798551448,1
220,4,25,100.90547985446051,1
220,4,26,100.90547985446051,1
220,4,27,100.90547985446051,1
221,1,25,103.82684379593269,1
221,26,4,99.31348393770803,1
221,28,4,99.31348393770803,1
221,29,4,99.31348393770803,1
221,32,4,99.31348393770803,1
224,25,2,98.09281001677807,1
224,26,2,98.09281001677807,1
224,28,2,98.09281001677807,1
224,29,2,98.09281001677807,1
224,30,2,98.09281001677807,1
226,25,5,96.8721273608251,1
226,26,5,96.8721273608251,1
227,28,4,96.40740013370949,1
227,29,4,96.40740013370949,1
227,30,4,96.40740013370949,1
227,31,4,96.40740013370949,1
227,5,25,103.44838068398425,1
227,5,27,103.44838068398425,1
228,1,28,101.64612213202557,1
228,1,31,101.64612213202557,1
230,25,5,95.46036712530517,1
230,26,5,95.46036712530517,1
231,2,25,100.34696398961498,1
231,2,26,100.34696398961498,1
232,2,25,101.63941380003303,1
232,2,26,101.63941380003303,1
232,26,3,95.67031438177457,1
232,27,3,95.67031438177457,1
232,28,3,95.67031438177457,1
232,31,3,95.67031438177457,1
232,32,3,95.67031438177457,1
232,33,4,98.35395846983755,1
232,34,5,96.68760104040854,1
235,1,25,100.74627977242044,1
235,1,26,100.74627977242044,1
235,25,2,97.2215602456008,1
235,28,2,97.2215602456008,1
236,25,1,96.24351430593778,1
236,26,1,96.24351430593778,1
236,27,5,98.60565548132953,1
236,28,5,98.60565548132953,1
236,30,5,98.60565548132953,1
236,32,5,98.60565548132953,1
236,33,5,98.60565548132953,1
237,28,1,99.01924010515894,1
237,29,4,95.05206868870494,1
237,30,4,95.05206868870494,1
237,31,4,95.05206868870494,1
237,32,5,95.72364214836387,1
238,25,12,89.87817347340203,1
238,26,12,89.87817347340203,1
238,27,12,89.87817347340203,1
238,28,12,89.87817347340203,1
238,29,12,89.87817347340203,1
238,31,13,89.87817347340203,1
238,32,13,89.87817347340203,1
238,33,13,89.87817347340203,1
238,34,13,89.87817347340203,1
238,34,13,89.87817347332752,1
238,35,14,89.87817347332752,1
238,36,14,89.87817347332752,1
238,36,14,89.87817347302948,1
238,29,14,89.8781734718373,1
238,31,14,89.8781734718373,1
238,32,15,89.8781734718373,1
238,33,15,89.8781734718373,1
238,34,15,89.8781734718373,1
238,35,15,89.8781734718373,1
238,36,15,89.8781734718373,1
238,35,16,89.87817345876655,1
238,27,16,89.87817336684627,1
238,28,16,89.87817336684627,1
238,30,16,89.87817336684627,1
238,31,16,89.87817336684627,1
238,32,17,89.87817336684627,1
238,33,17,89.87817336684627,1
238,34,17,89.87817336684627,1
238,35,17,89.87817336684627,1
238,25,17,89.87817274869552,1
238,26,18,89.87817274869552,1
238,29,18,89.87817274869552,1
238,30,18,89.87817274869552,1
238,32,18,89.87817274869552,1
238,33,18,89.87817274869552,1
238,34,19,89.87817274869552,1
238,34,19,89.8781702760925,1
238,35,19,89.8781702760925,1
238,31,19,89.87815629304833,1
238,32,19,89.87815629304833,1
239,33,5,98.17967124668425,1
239,36,5,98.17967124668425,1
239,25,5,98.17958496093485,1
241,2,29,100.31870768529586,1
241,2,30,100.31870768529586,1
241,2,32,100.31870768529586,1
241,2,33,100.31870768529586,1
241,5,35,104.64944733503465,1
241,5,36,104.64944733503465,1
242,3,28,100.1857238689507,1
244,1,29,103.09592336706633,1
244,1,30,103.09592336706633,1
244,1,32,103.09592336706633,1
246,3,34,100.18675433168508,1
246,26,12,90.8112672581827,1
246,27,12,90.8112672581827,1
246,29,12,90.8112672581827,1
246,30,12,90.8112672581827,1
246,31,13,90.8112672581827,1
246,32,13,90.8112672581827,1
246,33,13,90.8112672581827,1
246,35,13,90.8112672581827,1
246,36,14,90.8112672581827,1
246,26,14,90.81126725503678,1
246,27,14,90.81126725503678,1
246,29,14,90.81126725503678,1
246,30,15,90.81126725503678,1
246,31,15,90.81126725503678,1
246,32,15,90.81126725503678,1
246,34,15,90.81126725503678,1
246,35,16,90.81126725503678,1
246,36,16,90.81126725503678,1
246,25,16,90.81126724245314,1
246,26,16,90.81126724245314,1
246,27,17,90.81126724245314,1
246,28,17,90.81126724245314,1
246,29,17,90.81126724245314,1
246,30,17,90.81126724245314,1
246,32,18,90.81126724245314,1
246,33,18,90.81126724245314,1
246,34,18,90.81126724245314,1
246,36,18,90.81126724245314,1
246,25,19,90.81126719211852,1
246,26,19,90.81126719211852,1
246,27,19,90.81126719211852,1
246,32,19,90.81126719211852,1
247,25,1,94.9823902680834,1
247,26,1,94.9823902680834,1
247,28,1,94.9823902680834,1
247,29,1,94.9823902680834,1
247,31,1,94.9823902680834,1
247,32,3,96.05837382137383,1
248,4,26,103.1026953951579,1
248,4,27,103.1026953951579,1
248,4,28,103.1026953951579,1
249,26,25,100.00890869698912,1
249,28,26,100.00890869698912,1
249,28,27,100.00890869698912,1
249,29,28,100.00890869698912,1
249,30,29,100.00890869698912,1
249,30,31,100.00890869698912,1
249,31,32,100.00890869698912,1
249,31,36,100.00890869698912,1
249,32,29,100.00890869732126,1
249,32,30,100.00890869732126,1
249,35,32,100.00890869732126,1
249,35,34,100.00890869732126,1
249,36,35,100.00890869732126,1
250,5,36,104.58277178769433,1
250,5,25,104.5827717890229,1
250,5,26,104.5827717890229,1
250,5,27,104.5827717890229,1
250,26,31,100.00890869873285,1
250,26,32,100.00890869873285,1
250,27,33,100.00890869873285,1
250,27,34,100.00890869873285,1
250,28,35,100.00890869873285,1
250,28,36,100.00890869873285,1
250,32,30,100.0089087053745,1
250,32,31,100.0089087053745,1
250,35,32,100.0089087053745,1
250,35,34,100.0089087053745,1
251,33,1,98.77993572066325,1
251,34,1,98.77993572066325,1
251,36,3,99.37373838039792,1
251,33,3,99.37373831354726,1
251,34,3,99.37373831354726,1
251,35,3,99.37373831354726,1
251,25,35,100.00890870736706,1
251,25,36,100.00890870736706,1
251,28,27,100.00890874700438,1
251,29,28,100.00890874700438,1
251,30,29,100.00890874700438,1
251,30,31,100.00890874700438,1
251,32,33,100.00890874700438,1
251,32,34,100.00890874700438,1
252,36,4,95.062706134096,1
252,27,4,95.06270593275755,1
252,31,4,95.06270593275755,1
252,33,4,95.06270593275755,1
252,34,4,95.06270593275755,1
252,12,35,109.8511009484333,1
252,12,36,109.8511009484333,1
252,12,32,109.8511011989029,1
252,12,33,109.8511011989029,1
252,12,34,109.8511011989029,1
252,13,26,109.85110529153502,1
252,13,28,109.85110529153502,1
252,13,30,109.85110529153502,1
252,13,31,109.85110529153502,1
252,13,32,109.85110529153502,1
252,14,33,109.85110529153502,1
252,14,35,109.85110529153502,1
252,14,25,109.85113564510772,1
252,14,26,109.85113564510772,1
252,14,28,109.85113564510772,1
252,15,29,109.85113564510772,1
252,15,30,109.85113564510772,1
252,15,31,109.85113564510772,1
252,15,32,109.85113564510772,1
252,15,33,109.85113564510772,1
252,16,34,109.85113564510772,1
252,16,35,109.85113564510772,1
252,16,26,109.85168848814547,1
252,16,27,109.85168848814547,1
252,16,28,109.85168848814547,1
252,17,29,109.85168848814547,1
252,17,31,109.85168848814547,1
252,17,32,109.85168848814547,1
252,17,34,109.85168848814547,1
252,17,36,109.85168848814547,1
252,18,29,109.85389986029651,1
252,18,30,109.85389986029651,1
252,18,31,109.85389986029651,1
252,18,34,109.85389986029651,1
252,18,35,109.85389986029651,1
252,19,36,109.85389986029651,1
252,19,10,109.86364255756502,4
252,26,9,100.02145451599944,2
252,27,9,100.02145451599944,2
252,28,11,100.02146701599943,2
252,29,11,100.02146701599943,2
252,30,6,100.02148784933277,2
252,31,6,100.02148784933277,2
252,32,7,100.0214961826661,2
252,33,7,100.0214961826661,2
252,34,7,100.0214961826661,1
252,34,8,100.0214961826661,1
252,35,8,100.0214961826661,2
252,36,8,100.0214961826661,2
253,25,33,100.02608826863143,1
253,25,35,100.02608826863143,1
253,26,36,100.02608826863143,1
253,26,10,100.03174127892125,1
253,27,10,100.03174127892125,2
253,29,9,100.03174544558792,2
253,32,9,100.03174544558792,1
253,32,11,100.03175794558791,1
253,33,11,100.03175794558791,2
253,36,11,100.03175794558791,1
253,36,6,100.03177877892125,1
254,25,10,100.03599666163862,2
254,27,10,100.03599666163862,1
254,27,9,100.0360008283053,1
254,28,9,100.0360008283053,2
254,29,11,100.03600916163862,2
254,30,11,100.03600916163862,1
254,30,6,100.03604249497195,1
254,31,6,100.03604249497195,2
254,32,6,100.03604249497195,1
254,32,7,100.03605082830529,1
254,34,7,100.03605082830529,2
254,35,7,100.03605082830529,1
254,35,8,100.03605082830529,1
254,36,8,100.03605082830529,2
255,1,8,104.54568331189103,1
255,1,20,104.57312484823763,2
255,1,21,104.57312484823763,1
255,35,3,95.90969934662931,1
255,25,10,100.03812122799732,2
255,28,10,100.03812122799732,1
255,28,9,100.03812539466398,1
255,29,9,100.03812539466398,2
255,31,11,100.03813372799732,2
255,32,11,100.03813372799732,1
255,32,6,100.03816289466397,1
255,33,6,100.03816289466397,2
255,34,6,100.03816289466397,1
255,34,7,100.03817122799731,1
255,35,7,100.03817122799731,2
256,25,11,100.03917665717924,2
256,26,11,100.03917665717924,1
256,26,9,100.03918499051258,1
256,27,9,100.03918499051258,1
256,27,10,100.03918915717924,1
256,28,10,100.03918915717924,1
256,28,6,100.03920165717923,1
256,29,6,100.03920165717923,2
256,32,7,100.03921415717925,2
256,35,7,100.03921415717925,1
256,35,8,100.03922665717924,1
256,36,8,100.03922665717924,2
257,25,6,100.03971687177022,2
257,26,6,100.03971687177022,1
257,26,11,100.03971687177022,1
257,27,11,100.03971687177022,1
257,27,9,100.03972103843688,1
257,28,9,100.03972103843688,1
257,28,10,100.03972520510355,1
257,29,10,100.03972520510355,1
257,29,7,100.03972937177022,1
257,31,7,100.03972937177022,2
257,32,8,100.03974187177022,2
258,26,6,100.0399588540657,2
258,27,6,100.0399588540657,1
258,27,7,100.0399713540657,1
258,29,7,100.0399713540657,2
258,32,11,100.03997968739904,2
258,33,9,100.0399838540657,2
258,34,8,100.03998802073237,2
258,35,8,100.03998802073237,1
258,35,10,100.03998802073237,1
258,36,10,100.03998802073237,1
258,36,21,100.06481726212759,1
259,25,1,97.38958183711041,1
259,25,7,100.05870177625987,2
259,26,7,100.05870177625987,1
259,26,6,100.05871427625986,1
259,27,6,100.05871427625986,1
259,27,8,100.05871844292653,1
259,28,8,100.05871844292653,2
259,29,11,100.05873094292653,2
259,30,9,100.05873510959319,2
259,32,10,100.05873927625987,2
259,33,22,100.07106490285898,2
259,35,23,100.07106490285898,2
259,36,24,100.07106490285898,2
260,26,8,100.06810784592858,2
260,27,8,100.06810784592858,1
260,27,7,100.06811617926192,1
260,28,7,100.06811617926192,1
260,28,6,100.06812451259526,1
260,31,6,100.06812451259526,1
260,31,11,100.06814117926191,1
260,33,11,100.06814117926191,1
260,33,9,100.06814534592858,1
260,34,9,100.06814534592858,1
260,34,10,100.06814951259526,1
260,35,20,100.07437161459663,2
261,3,21,101.13550189351795,2
261,3,22,101.13550189351795,2
261,3,23,101.13550189351795,1
261,25,8,100.07280983909628,2
261,26,7,100.07282233909628,2
261,27,6,100.0728306724296,2
261,29,11,100.07284733909628,1
261,29,9,100.07285150576294,1
261,30,10,100.07285150576294,1
261,30,23,100.07593755676362,1
261,31,24,100.07593755676362,2
261,32,20,100.07596335309003,2
261,33,20,100.07596335309003,1
261,33,21,100.07596335309003,1
261,35,21,100.07596335309003,2
262,5,22,101.56703035047704,1
262,25,8,100.07518330792493,2
262,27,7,100.07519580792493,2
262,29,6,100.07520414125827,2
262,30,11,100.07521664125827,1
262,30,9,100.07522080792492,1
262,32,10,100.07522080792492,1
262,32,22,100.07675173158847,1
262,34,22,100.07675173158847,1
262,34,23,100.07675173158847,1
262,36,23,100.07675173158847,2
263,2,24,101.66241882926883,3
263,2,20,101.66242102699687,1
263,25,8,100.07636795900592,2
263,26,7,100.07638045900592,2
263,27,6,100.07638879233926,1
263,27,11,100.07639712567259,1
263,28,9,100.07640129233926,1
263,28,10,100.07640129233926,1
263,29,20,100.0771460352324,1
263,29,21,100.0771460352324,1
263,31,21,100.0771460352324,1
263,31,22,100.0771460352324,1
263,33,22,100.0771460352324,1
263,33,23,100.0771460352324,1
263,34,23,100.0771460352324,1
263,34,24,100.0771460352324,1
263,35,24,100.0771460352324,1
263,35,20,100.07715028658595,1
263,36,20,100.07715028658595,2
264,12,8,102.89882796999402,1
264,13,8,102.89882796999402,1
264,14,7,102.89884046999401,1
264,15,6,102.89884463666068,1
264,16,11,102.89885296999401,1
264,17,9,102.8988571366607,1
264,18,10,102.8988571366607,1
264,19,21,102.8992108004507,1
264,25,21,100.07734586848096,2
264,26,22,100.07734586848096,2
264,28,22,100.07734586848096,1
264,28,23,100.07734586848096,1
264,29,23,100.07734586848096,2
264,30,24,100.07734586848096,2
264,32,24,100.07734586848096,1
264,32,20,100.07734656727862,1
264,35,20,100.07734656727862,2
264,36,21,100.07734656727862,2
265,27,8,100.07725901829838,2
265,28,7,100.0772673516317,1
265,28,6,100.07727151829837,1
265,29,11,100.07727985163172,1
265,29,9,100.07728401829837,1
265,30,10,100.07728401829837,1
265,30,21,100.07744244959221,1
265,31,22,100.07744244959221,2
265,32,22,100.07744244959221,1
265,32,23,100.07744244959221,1
265,33,23,100.07744244959221,2
265,34,24,100.07744244959221,2
265,35,24,100.07744244959221,1
265,35,20,100.07744336306494,1
266,26,8,100.07740561020663,1
266,26,7,100.07740977687331,1
266,27,6,100.07741394353997,1
266,27,11,100.0774222768733,1
266,29,9,100.07742644353996,1
266,29,10,100.07742644353996,1
266,30,20,100.07748944925659,2
266,32,21,100.07748944925659,2
266,33,21,100.07748944925659,1
266,33,22,100.07748944925659,1
266,34,22,100.07748944925659,2
267,2,23,104.52369493080998,3
267,2,24,104.52369493080998,1
267,25,8,100.07747265616077,1
267,25,7,100.07747682282744,1
267,26,6,100.07748098949409,1
267,26,11,100.07748932282743,1
267,27,9,100.07749348949409,1
267,27,10,100.07749348949409,1
267,28,24,100.07751040901908,2
267,29,20,100.07751073308415,2
267,30,20,100.07751073308415,1
267,30,21,100.07751073308415,1
267,31,21,100.07751073308415,2
267,32,22,100.07751073308415,2
267,33,22,100.07751073308415,1
267,33,23,100.07751073308415,1
267,35,23,100.07751073308415,2
268,8,3,96.99743971618705,3
268,27,8,100.07749288051998,1
268,27,7,100.07750954718665,1
268,28,6,100.0775137138533,1
268,28,24,100.07752025231501,1
268,30,24,100.07752025231501,2
268,31,20,100.07752033132951,2
268,32,20,100.07752033132951,1
268,32,21,100.07752033132951,1
268,34,21,100.07752033132951,2
268,35,22,100.07752033132951,2
268,36,22,100.07752033132951,1
268,36,23,100.07752033132951,1
269,5,23,100.67479251733937,2
269,5,24,100.67479251733937,2
269,25,8,100.07751763529379,1
269,25,24,100.07752719403189,1
269,26,20,100.07752729480177,2
269,27,20,100.07752729480177,1
269,27,21,100.07752729480177,1
269,28,21,100.07752729480177,2
269,29,22,100.07752729480177,2
269,30,22,100.07752729480177,1
269,30,23,100.07752729480177,1
269,32,23,100.07752729480177,2
269,35,24,100.07752729480177,2
269,36,24,100.07752729480177,1
269,36,20,100.0775272990418,1
270,8,1,97.9363814555245,2
270,3,20,104.09624381045023,2
270,3,21,104.09624381045023,1
270,25,8,100.07752071643813,1
270,25,21,100.07752971497881,1
270,27,21,100.07752971497881,1
270,27,22,100.07752971497881,1
270,28,22,100.07752971497881,2
270,29,23,100.07752971497881,2
270,30,23,100.07752971497881,1
270,30,24,100.07752971497881,1
270,31,24,100.07752971497881,2
270,33,20,100.07752973473242,2
270,34,20,100.07752973473242,1
270,34,21,100.07752973473242,1
270,35,21,100.07752973473242,2
270,36,22,100.07752973473242,2
271,26,8,100.07753164682552,1
271,26,22,100.07753198930601,1
271,27,23,100.07753198930601,2
271,28,23,100.07753198930601,1
271,28,24,100.07753198930601,1
271,31,24,100.07753198930601,2
271,32,20,100.07753199050481,2
271,33,20,100.07753199050481,1
271,33,21,100.07753199050481,1
272,5,21,100.63429010482325,2
272,5,22,100.63429010482325,2
272,25,22,100.07753207642463,1
272,25,23,100.07753207642463,1
272,27,23,100.07753207642463,2
272,28,24,100.07753207642463,2
272,29,24,100.07753207642463,1
272,29,20,100.07753208163983,1
272,30,20,100.07753208163983,2
272,31,21,100.07753208163983,2
272,33,21,100.07753208163983,1
272,33,22,100.07753208163983,1
272,34,22,100.07753208163983,2
272,35,23,100.07753208163983,2
272,36,23,100.07753208163983,1
272,36,24,100.07753208163983,1
273,1,24,102.03441629534413,2
273,1,20,102.03441629642705,3
273,5,21,102.98930385605087,3
273,5,22,102.98930385605087,1
273,12,22,109.72632445198037,2
273,12,23,109.72632445198037,2
273,13,23,109.72632445198037,1
273,13,24,109.72632445198037,3
273,14,20,109.72632445328418,3
273,14,21,109.72632445328418,1
273,15,21,109.72632445328418,2
273,15,22,109.72632445328418,2
273,16,22,109.72632445328418,1
273,16,23,109.72632445328418,3
273,17,24,109.72632445328418,3
273,17,20,109.72632445355491,1
273,18,20,109.72632445355491,2
273,18,21,109.72632445355491,2
273,19,21,109.72632445355491,1
273,19,22,109.72632445355491,3
273,26,23,100.07753108689434,2
273,28,23,100.07753108689434,1
273,28,24,100.07753108689434,1
273,29,24,100.07753108689434,2
273,30,20,100.0775310872203,2
273,31,20,100.0775310872203,1
273,31,21,100.0775310872203,1
273,32,21,100.0775310872203,2
273,33,22,100.0775310872203,2
273,34,22,100.0775310872203,1
273,34,23,100.0775310872203,1
273,35,23,100.0775310872203,2
274,25,24,100.07753058926467,2
274,26,24,100.07753058926467,1
274,26,20,100.07753058933221,1
274,28,20,100.07753058933221,2
274,30,21,100.07753058933221,2
274,33,21,100.07753058933221,1
274,33,22,100.07753058933221,1
274,34,22,100.07753058933221,2
274,35,23,100.07753058933221,2
274,36,23,100.07753058933221,1
274,36,24,100.07753058933221,1
275,25,24,100.07753034037128,2
275,26,20,100.07753034045291,2
275,27,20,100.07753034045291,1
275,27,21,100.07753034045291,1
275,29,21,100.07753034045291,2
275,30,22,100.07753034045291,2
275,31,22,100.07753034045291,1
275,31,23,100.07753034045291,1
275,32,23,100.07753034045291,2
275,33,24,100.07753034045291,2
275,35,24,100.07753034045291,1
275,35,20,100.0775303404902,1
275,36,20,100.0775303404902,2
276,25,21,100.07753021603946,2
276,27,21,100.07753021603946,1
276,27,22,100.07753021603946,1
276,28,22,100.07753021603946,2
276,29,23,100.07753021603946,2
276,30,23,100.07753021603946,1
276,30,24,100.07753021603946,1
276,31,24,100.07753021603946,2
276,32,20,100.07753021608677,2
276,33,20,100.07753021608677,1
276,33,21,100.07753021608677,1
276,34,21,100.07753021608677,2
276,35,22,100.07753021608677,2
276,36,22,100.07753021608677,1
276,36,23,100.07753021608677,1
277,8,2,97.37710711629576,2
277,25,8,100.07752194496697,1
277,25,23,100.07753015387323,1
277,27,23,100.07753015387323,1
277,27,24,100.07753015387323,1
277,28,24,100.07753015387323,2
277,29,20,100.07753015387323,2
277,31,20,100.07753015387323,1
277,31,21,100.07753015387323,1
277,32,21,100.07753015387323,2
277,33,22,100.07753015387323,2
277,35,22,100.07753015387323,1
277,35,23,100.07753015387323,1
277,36,23,100.07753015387323,2
278,25,24,100.07753220609979,2
278,29,24,100.07753220609979,1
278,29,20,100.07753220610039,1
278,30,20,100.07753220610039,2
278,31,21,100.07753220610039,2
278,32,21,100.07753220610039,1
278,32,22,100.07753220610039,1
278,33,22,100.07753220610039,2
278,34,23,100.07753220610039,2
278,35,23,100.07753220610039,1
278,35,24,100.07753220610039,1
278,36,24,100.07753220610039,2
279,8,3,98.06611809367413,4
279,7,3,98.06610142700748,1
279,25,8,100.07751555548522,2
279,26,20,100.0775321913776,2
279,27,20,100.0775321913776,1
279,27,21,100.0775321913776,1
279,28,21,100.0775321913776,2
279,29,22,100.0775321913776,2
279,30,22,100.0775321913776,1
279,30,23,100.0775321913776,1
279,31,23,100.0775321913776,2
279,33,24,100.0775321913776,2
279,34,24,100.0775321913776,1
279,34,20,100.07753219403736,1
280,8,5,96.74318387490283,3
280,7,5,96.74315470823615,1
280,25,8,100.07752386773267,2
280,26,20,100.07753635367541,2
280,27,21,100.07753635367541,2
280,29,21,100.07753635367541,1
280,29,22,100.07753635367541,1
280,30,22,100.07753635367541,2
280,31,23,100.07753635367541,2
280,33,23,100.07753635367541,1
280,33,24,100.07753635367541,1
280,35,24,100.07753635367541,2
280,36,20,100.07753635433977,2
281,25,20,100.07753947599154,1
281,25,21,100.07753947599154,1
281,26,21,100.07753947599154,2
281,27,22,100.07753947599154,2
281,28,22,100.07753947599154,1
281,28,23,100.07753947599154,1
281,29,23,100.07753947599154,2
281,30,24,100.07753947599154,2
281,31,24,100.07753947599154,1
281,31,20,100.07753948862376,1
281,33,20,100.07753948862376,2
281,34,21,100.07753948862376,2
281,36,21,100.07753948862376,1
281,36,22,100.07753948862376,1
282,25,22,100.07753896927436,2
282,26,23,100.07753896927436,2
282,27,23,100.07753896927436,1
282,27,24,100.07753896927436,1
282,28,24,100.07753896927436,2
282,29,20,100.0775390486283,2
282,31,20,100.0775390486283,1
282,31,21,100.0775390486283,1
282,32,21,100.0775390486283,2
282,33,22,100.0775390486283,2
282,35,22,100.0775390486283,1
282,35,23,100.0775390486283,1
282,36,23,100.0775390486283,2
283,2,24,103.052643689001,1
283,8,4,97.20756403615387,2
283,25,8,100.07753095513118,2
283,26,24,100.07753880879207,2
283,27,20,100.0775393102322,2
283,28,20,100.0775393102322,1
283,28,21,100.0775393102322,1
283,29,21,100.0775393102322,2
283,30,22,100.0775393102322,2
283,32,22,100.0775393102322,1
283,32,23,100.0775393102322,1
283,34,23,100.0775393102322,2
283,35,24,100.0775393102322,2
284,27,24,100.07754139900746,1
284,27,8,100.07754555479028,1
284,28,8,100.07754555479028,1
284,28,20,100.07754959245699,1
284,30,20,100.07754959245699,1
284,30,21,100.07754959245699,1
284,31,21,100.07754959245699,1
284,31,22,100.07754959245699,1
284,32,22,100.07754959245699,1
284,32,23,100.07754959245699,1
284,34,23,100.07754959245699,1
284,34,24,100.07754959245699,1
284,36,24,100.07754959245699,1
284,36,7,100.0775663881236,1
285,2,6,103.38114665351101,1
285,25,8,100.07757888812361,1
285,25,7,100.07759555479026,1
285,26,6,100.07760805479026,1
285,26,11,100.07760805479026,1
285,27,9,100.07761222145695,1
285,27,10,100.07761222145695,1
285,28,20,100.07761869364285,2
285,29,21,100.07761869364285,2
285,30,22,100.07761869364285,2
285,32,23,100.07761869364285,2
285,33,24,100.07761869364285,2
285,36,20,100.08442772786186,2
286,25,8,100.08271968459397,1
286,25,7,100.08273635126064,1
286,26,6,100.08274885126065,1
286,26,11,100.08274885126065,1
286,27,9,100.0827530179273,1
286,27,10,100.0827530179273,1
286,28,21,100.08613993779643,2
286,30,22,100.08613993779643,2
286,31,23,100.08613993779643,2
286,33,24,100.08613993779643,2
286,34,20,100.0889880381965,2
286,35,21,100.0889880381965,2
286,36,22,100.0889880381965,2
287,8,3,97.3903779379223,4
287,7,3,97.39036127125563,1
287,25,8,100.08740844979587,2
287,28,7,100.08743761646254,1
287,28,6,100.0874542831292,1
287,29,11,100.0874542831292,1
287,29,23,100.09055512659714,1
287,30,23,100.09055512659714,1
287,30,24,100.09055512659714,1
287,31,24,100.09055512659714,1
287,31,2,100.09081841979537,1
287,32,2,100.09081841979537,2
287,34,2,100.09081841979537,1
287,34,20,100.09198126221382,1
287,35,20,100.09198126221382,1
287,35,21,100.09198126221382,1
288,26,8,100.09084639244267,1
288,26,7,100.09087139244266,1
288,29,21,100.09312446531831,1
288,29,22,100.09312446531831,1
288,30,22,100.09312446531831,1
288,30,23,100.09312446531831,1
288,31,23,100.09312446531831,1
288,31,24,100.09312446531831,1
288,34,24,100.09312446531831,1
288,34,20,100.09382878839239,1
288,35,20,100.09382878839239,1
288,35,21,100.09382878839239,1
288,36,21,100.09382878839239,1
288,36,22,100.09382878839239,1
289,2,22,104.73225574865488,1
289,2,23,104.73225574865488,1
289,8,12,89.9515778642762,4
289,7,12,89.95155286427621,1
289,7,13,89.95155286427621,3
289,6,13,89.95154036427621,2
289,6,14,89.95154036427621,3
289,9,14,89.95154036427621,2
289,9,15,89.95154036427621,3
289,10,15,89.95154036427621,2
289,10,16,89.95154036427621,3
289,11,16,89.95154036427621,2
289,11,17,89.95154036427621,3
289,27,17,89.91637435113591,1
289,28,17,89.91637435113591,1
289,30,18,89.91637435113591,1
289,31,18,89.91637435113591,1
289,32,18,89.91637435113591,1
289,33,18,89.91637435113591,1
289,35,18,89.91637435113591,1
289,36,19,89.91637435113591,1
289,25,19,89.91637112981644,1
289,26,19,89.91637112981644,1
289,27,19,89.91637112981644,1
289,28,19,89.91637112981644,1
289,25,8,100.09308735607163,1
289,25,7,100.09311235607163,1
289,26,23,100.09457438737982,1
289,26,24,100.09457438737982,1
289,28,24,100.09457438737982,1
289,28,20,100.09492654891687,1
289,29,20,100.09492654891687,1
289,29,21,100.09492654891687,1
289,30,21,100.09492654891687,1
289,30,22,100.09492654891687,1
289,32,22,100.09492654891687,1
289,32,23,100.09492654891687,1
289,34,23,100.09492654891687,1
289,34,24,100.09492654891687,1
289,35,24,100.09492654891687,1
289,35,2,100.13629214256444,1
289,36,2,100.13629214256444,2
290,29,1,98.85007773117901,1
290,30,1,98.85007773117901,1
290,33,1,98.85007773117901,1
290,34,1,98.85007773117901,1
290,27,8,100.09907339509641,2
290,28,7,100.0990983950964,1
290,28,6,100.09910256176306,1
290,29,9,100.09910256176306,1
290,29,10,100.09910256176306,1
290,30,11,100.09910256176306,1
290,30,2,100.1382916555727,1
290,31,2,100.1382916555727,1
291,31,4,99.12443622852311,1
291,32,4,99.12443622852311,2
291,33,4,99.12443622852311,1
291,25,8,100.34508665081465,1
291,28,7,100.34510748414797,1
291,29,6,100.34511165081466,1
291,30,9,100.34511165081466,1
291,31,10,100.34511165081466,1
291,32,11,100.34511165081466,1
292,33,3,95.95640764627865,1
292,34,3,95.95640764627865,1
292,36,3,95.95640764627865,1
292,8,3,95.9074676820949,1
292,25,36,100.39864873762463,1
292,26,25,100.39865150873177,1
292,28,27,100.39865150873177,1
292,31,29,100.39865150873177,1
292,32,30,100.39865150873177,1
292,33,31,100.39865150873177,1
292,36,32,100.39865150873177,1
293,25,33,100.39666741556199,1
293,26,35,100.39667849999054,1
293,27,36,100.39667849999054,1
293,29,35,100.39695213844246,1
293,30,28,100.39915597772567,1
293,31,29,100.39915597772567,1
293,32,30,100.39915597772567,1
293,34,31,100.39915597772567,1
293,35,32,100.39915597772567,1
293,36,35,100.39915597772567,1
294,26,36,100.3987860716817,1
294,28,27,100.39878625083983,1
294,29,28,100.39878625083983,1
294,31,29,100.39878625083983,1
294,32,31,100.39878625083983,1
294,34,32,100.39878625083983,1
295,4,33,100.8248039815781,1
295,4,34,100.8248039815781,1
295,4,35,100.8248039815781,1
295,4,36,100.8248039815781,1
295,4,32,100.82480455806586,1
295,12,34,110.4169685607614,1
295,12,35,110.4169685607614,1
295,12,36,110.4169685607614,1
295,12,33,110.41702083893843,1
295,12,34,110.41702083893843,1
295,13,35,110.41702083893843,1
295,13,36,110.41702083893843,1
295,13,30,110.4172676327843,1
295,13,31,110.4172676327843,1
295,13,32,110.4172676327843,1
295,14,33,110.4172676327843,1
295,14,34,110.4172676327843,1
295,14,35,110.4172676327843,1
295,14,36,110.4172676327843,1
295,14,8,110.41733780073855,1
295,15,7,110.41736280073854,1
295,15,6,110.4173669674052,1
295,15,9,110.4173669674052,1
295,15,10,110.4173669674052,1
295,15,11,110.4173669674052,1
295,16,26,110.42153563092607,1
295,16,27,110.42153563092607,1
295,16,28,110.42153563092607,1
295,16,29,110.42153563092607,1
295,16,30,110.42153563092607,1
295,17,32,110.42153563092607,1
295,17,35,110.42153563092607,1
295,17,36,110.42153563092607,1
295,17,3,110.45914943631195,2
295,18,3,110.45914943631195,3
295,18,29,110.59296908226513,2
295,19,29,110.59296908226513,4
295,19,30,110.59296908226513,1
296,25,3,95.91040785427865,1
296,8,26,100.52883263295728,1
296,8,27,100.52883263295728,1
296,8,28,100.52883263295728,1
296,8,29,100.52883263295728,1
296,7,32,100.52880763295727,1
296,7,34,100.52880763295727,1
296,7,36,100.52880763295727,1
297,4,8,103.15885441685461,1
297,8,12,90.50458219653898,3
297,7,12,90.50455719653897,2
297,7,13,90.50455719653897,2
297,6,13,90.50454052987232,3
297,6,14,90.50454052987232,1
297,9,14,90.50454052987232,4
297,10,15,90.50454052987232,4
297,11,15,90.50454052987232,1
297,11,16,90.50454052987232,3
297,26,16,90.43225995315794,1
297,28,16,90.43225995315794,1
297,29,17,90.43225995315794,1
297,30,17,90.43225995315794,1
297,31,17,90.43225995315794,1
297,32,17,90.43225995315794,1
297,33,17,90.43225995315794,1
297,34,18,90.43225995315794,1
297,35,18,90.43225995315794,1
297,36,18,90.43225995315794,1
297,33,18,90.33229680961043,1
297,35,18,90.33229680961043,1
297,35,19,90.33229680961043,1
297,36,19,90.33229680961043,2
297,20,19,90.16391696790333,2
298,4,25,100.54821317689212,1
298,4,26,100.54821317689212,1
298,4,28,100.54821317689212,1
298,4,29,100.54821317689212,1
298,4,31,100.54821317689212,1
298,12,8,104.37566783021319,2
298,13,7,104.37568866354653,1
298,13,6,104.3757053302132,1
298,14,9,104.3757053302132,1
298,14,10,104.3757053302132,1
298,15,11,104.3757053302132,1
298,15,34,104.52313741571021,1
298,16,35,104.52313741571021,1
298,16,36,104.52313741571021,1
298,17,30,104.64123571673284,2
298,18,30,104.64123571673284,2
298,19,30,104.64123571673284,2
299,8,25,100.27074340876496,3
299,7,25,100.27072674209829,1
299,7,26,100.27072674209829,3
299,6,26,100.27071007543162,1
299,6,28,100.27071007543162,3
299,9,28,100.27071007543162,1
299,9,29,100.27071007543162,3
299,10,29,100.27071007543162,1
299,10,30,100.27071007543162,3
299,11,30,100.27071007543162,1
299,11,31,100.27071007543162,3
299,25,31,100.17592555580232,1
299,26,32,100.17592555580232,1
299,28,32,100.17592555580232,1
299,30,32,100.17592555580232,1
299,31,32,100.17592555580232,1
299,32,33,100.17592555580232,1
299,35,33,100.17592555580232,1
299,36,33,100.17592555580232,1
300,20,4,95.18100816701269,1
300,20,5,98.21481979364142,1
300,21,5,98.21481979364142,4
300,8,25,99.83792783497138,2
300,8,27,99.83792783497138,1
300,7,27,99.83791533497138,1
300,7,29,99.83791533497138,2
300,6,30,99.83789866830472,2
300,6,31,99.83789866830472,2
300,9,36,99.83789866830472,2
301,9,1,98.60171273225723,2
301,10,1,98.60171273225723,2
301,8,12,96.8012348841564,1
301,8,13,96.8012348841564,1
301,8,14,96.8012348841564,1
301,7,15,96.8012223841564,1
301,7,16,96.8012223841564,1
301,7,17,96.8012223841564,1
301,6,18,96.8012098841564,1
301,6,19,96.8012098841564,1
301,6,26,99.83789345997138,1
301,9,26,99.83789345997138,1
301,9,29,99.83789345997138,2
301,10,30,99.83788512663804,2
301,10,31,99.83788512663804,2
301,11,33,99.83787679330472,2
301,11,34,99.83787679330472,2
301,22,36,99.80825714011306,2
302,5,8,103.75958675710581,1
302,8,26,99.81568080341097,1
302,8,28,99.81568080341097,1
302,8,29,99.81568080341097,1
302,7,30,99.81567247007763,1
302,7,31,99.81567247007763,1
302,7,33,99.81567247007763,1
302,6,35,99.81565997007763,1
302,6,36,99.81565997007763,1
303,1,8,103.39817918993324,2
303,2,8,104.68024460829753,1
303,2,7,104.68025294163087,2
303,2,6,104.68026544163087,1
303,12,8,107.73654532080533,3
303,13,7,107.736549487472,2
303,13,6,107.73656198747202,1
303,14,6,107.73656198747202,1
303,14,9,107.73656615413867,2
303,15,10,107.73657032080533,2
303,15,11,107.73657865413867,1
303,16,11,107.73657865413867,1
303,16,33,107.78108521725949,1
303,16,34,107.78108521725949,1
303,17,34,107.78108521725949,3
303,18,35,107.78108521725949,3
303,19,35,107.78108521725949,1
303,19,30,108.13480421622617,2
303,8,26,99.81566517841097,1
303,8,28,99.81566517841097,1
303,8,29,99.81566517841097,1
303,7,30,99.81566101174431,1
303,7,31,99.81566101174431,1
303,7,32,99.81566101174431,1
303,6,33,99.8156485117443,1
303,6,34,99.8156485117443,1
303,6,35,99.8156485117443,1
303,9,36,99.81564434507763,1
304,9,5,98.9994163049235,2
304,10,5,98.99941213825683,3
304,7,27,100.11434372497659,3
304,8,28,100.11434372497659,3
304,6,29,100.1143312249766,3
304,9,30,100.11432705830993,3
304,10,31,100.11432289164327,3
304,11,33,100.11430205830993,3
304,11,34,100.11430205830993,1
305,4,34,104.14974570341505,2
305,4,7,104.35646917704523,2
305,12,6,104.7829342968167,2
305,13,6,104.7829342968167,1
305,13,7,104.78293846348336,1
305,14,7,104.78293846348336,2
305,15,9,104.78293846348336,2
305,16,10,104.78294263015005,2
305,17,8,104.7829467968167,2
305,18,8,104.7829467968167,1
305,18,11,104.7829592968167,1
305,19,11,104.7829592968167,1
305,19,30,105.19240970182867,1
305,6,26,99.79884041402428,1
305,6,27,99.79884041402428,1
305,6,29,99.79884041402428,1
305,7,30,99.79883624735763,1
305,7,31,99.79883624735763,1
305,9,33,99.79883624735763,1
305,9,36,99.79883624735763,1
306,9,1,98.76069172484594,1
306,10,1,98.76068755817926,1
306,6,29,100.10594384278326,3
306,7,30,100.10594384278326,3
306,8,31,100.10594384278326,3
306,9,32,100.10594384278326,3
306,10,33,100.10593134278326,3
306,11,34,100.10591050944993,3
307,2,35,101.09158789972241,2
307,22,5,96.12485312797268,2
307,23,5,96.12485312797268,1
307,10,12,91.6863362477009,3
307,6,12,91.6863237477009,1
307,6,13,91.6863237477009,1
307,7,13,91.6863237477009,2
307,8,13,91.6863237477009,1
307,8,14,91.6863237477009,1
307,9,14,91.6863237477009,2
307,11,14,91.68631541436756,1
307,11,15,91.68631541436756,2
307,23,15,91.68412416106173,2
307,23,16,91.68412416106173,1
307,24,16,91.68412416106173,3
307,24,17,91.68412416106173,1
307,35,17,91.68235247064717,1
307,36,17,91.68235247064717,1
307,27,17,91.68225329961984,1
307,28,18,91.68225329961984,1
307,29,18,91.68225329961984,1
307,31,18,91.68225329961984,1
307,32,18,91.68225329961984,1
307,33,19,91.68225329961984,1
307,34,19,91.68225329961984,1
307,35,19,91.68225329961984,1
307,33,19,91.68190815662226,1
307,35,26,99.79231235239732,1
307,36,28,99.79231235239732,1
307,20,30,99.79053332984628,1
307,20,31,99.79053332984628,1
307,20,33,99.79053332984628,1
307,20,34,99.79053332984628,1
307,21,35,99.79053332984628,1
307,21,36,99.79053332984628,1
308,1,10,100.31781658758568,3
308,1,6,100.31782908758568,2
308,21,5,97.8667223247988,2
308,22,5,97.8667223247988,3
308,10,25,99.7920851082537,1
308,10,26,99.7920851082537,1
308,10,27,99.7920851082537,1
308,11,29,99.79207677492037,1
308,11,30,99.79207677492037,1
308,11,31,99.79207677492037,1
308,6,33,99.7920726082537,1
308,6,35,99.7920726082537,1
309,3,10,101.31200781987464,3
309,10,25,99.7920694832537,1
309,10,27,99.7920694832537,1
309,10,28,99.7920694832537,1
309,11,29,99.79206531658704,1
309,11,32,99.79206531658704,1
309,6,33,99.79204864992037,1
310,10,25,99.7920413582537,1
310,10,26,99.7920413582537,1
310,11,27,99.7920413582537,1
310,11,30,99.7920413582537,1
310,7,31,99.79203302492037,1
310,7,32,99.79203302492037,1
310,8,34,99.79203302492037,1
310,8,35,99.79203302492037,1
311,9,26,99.79202677492037,1
311,9,27,99.79202677492037,1
311,10,28,99.79202677492037,1
311,10,29,99.79202677492037,1
311,11,30,99.79202677492037,1
311,11,32,99.79202677492037,1
311,6,34,99.7920226082537,1
311,6,35,99.7920226082537,1
311,7,36,99.79201844158703,1
312,8,25,99.79201219158702,1
312,8,26,99.79201219158702,1
312,9,27,99.79201219158702,1
312,9,28,99.79201219158702,1
312,10,29,99.79201219158702,1
312,10,30,99.79201219158702,1
312,11,31,99.79201219158702,1
312,11,32,99.79201219158702,1
312,6,33,99.79200802492036,1
312,6,36,99.79200802492036,1
313,7,2,95.32088915977782,1
313,7,26,99.7920007332537,1
313,7,27,99.7920007332537,1
313,8,31,99.7920007332537,1
313,8,32,99.7920007332537,1
313,9,33,99.7920007332537,1
313,9,34,99.7920007332537,1
314,12,10,102.8708400851755,1
314,13,10,102.8708400851755,1
314,14,10,102.8708400851755,1
314,15,11,102.8708400851755,1
314,16,11,102.8708400851755,1
314,17,11,102.8708400851755,1
314,18,6,102.87084425184216,1
314,19,6,102.87084425184216,1
314,10,25,99.7920007332537,1
314,10,26,99.7920007332537,1
314,11,27,99.7920007332537,1
314,11,28,99.7920007332537,1
314,6,30,99.79199656658704,1
314,6,31,99.79199656658704,1
314,7,34,99.79199239992036,1
315,10,25,99.79200177492037,1
315,10,27,99.79200177492037,1
315,11,28,99.79200177492037,1
315,11,29,99.79200177492037,1
315,6,30,99.79199344158704,1
315,6,32,99.79199344158704,1
315,8,33,99.79198927492035,1
315,9,34,99.79198927492035,1
315,7,35,99.7919851082537,1
315,22,36,99.78896488477221,1
316,10,25,99.78971577397593,1
316,10,26,99.78971577397593,1
316,11,27,99.78971577397593,1
316,11,28,99.78971577397593,1
316,6,29,99.78970744064259,1
316,8,30,99.78970744064259,1
316,9,31,99.78970744064259,1
316,7,32,99.78970327397592,1
316,23,36,99.78820566223517,1
317,10,25,99.78857485683703,1
317,11,26,99.78857485683703,1
317,6,27,99.78857069017036,1
317,8,30,99.78857069017036,1
317,9,32,99.78857069017036,1
317,7,35,99.7885665235037,1
317,23,36,99.78782813429999,1
318,10,25,99.78801064826757,1
318,11,26,99.78801064826757,1
318,6,27,99.78800648160092,1
318,8,28,99.78800648160092,1
318,9,29,99.78800648160092,1
318,7,31,99.78800231493423,1
318,23,32,99.78764145366571,1
318,23,33,99.78764145366571,1
318,24,34,99.78764145366571,1
318,24,35,99.78764145366571,1
319,1,10,101.70153716252898,3
319,3,10,100.6302007034418,1
319,3,11,100.6302007034418,3
319,10,25,99.7877462523162,1
319,10,26,99.7877462523162,1
319,11,27,99.78774208564953,1
319,6,28,99.78772541898286,1
319,8,29,99.78772541898286,1
319,9,30,99.78772541898286,1
319,7,33,99.7877212523162,1
319,24,34,99.78754915501526,1
319,24,35,99.78754915501526,1
319,20,36,99.78605944823838,1
320,20,1,96.04204590274381,1
320,4,10,102.09613460506301,4
320,12,10,109.88490325185768,3
320,12,11,109.88491991852435,2
320,13,11,109.88491991852435,2
320,13,6,109.88493658519101,3
320,14,6,109.88493658519101,1
320,14,8,109.88493658519101,4
320,15,9,109.88493658519101,4
320,15,7,109.88494075185768,1
320,16,7,109.88494075185768,3
320,16,35,109.89389375686449,1
320,16,36,109.89389375686449,1
320,17,36,109.89389375686449,2
320,17,30,110.30255705560285,1
320,17,31,110.30255705560285,2
320,18,31,110.30255705560285,5
320,19,31,110.30255705560285,4
320,19,32,110.30255705560285,1
320,10,25,99.78648948259116,1
320,10,27,99.78648948259116,1
320,11,30,99.7864728159245,1
320,6,31,99.78645614925783,1
320,8,32,99.78645614925783,1
320,9,34,99.78645614925783,1
321,10,25,100.0997058770667,2
321,11,25,100.09969754373336,1
321,11,26,100.09969754373336,1
321,6,26,100.09968087706669,1
321,7,26,100.09968087706669,1
321,8,27,100.09968087706669,1
321,9,27,100.09968087706669,1
322,10,25,99.79103719338792,1
322,10,27,99.79103719338792,1
322,11,28,99.7910288600546,1
322,6,29,99.7910163600546,1
322,7,31,99.7910163600546,1
322,8,32,99.7910163600546,1
322,9,33,99.7910163600546,1
322,20,35,99.78715503970673,1
323,20,5,97.15603891358286,1
323,21,5,97.15603891358286,1
323,10,26,99.78811724479371,1
323,11,27,99.78811307812704,1
323,6,28,99.78810057812703,1
323,7,29,99.78810057812703,1
323,8,31,99.78810057812703,1
323,9,33,99.78810057812703,1
323,21,34,99.78618450128644,1
323,21,35,99.78618450128644,1
323,21,36,99.78618450128644,1
324,10,25,99.78666352049659,1
324,11,26,99.78665935382992,1
324,6,27,99.78664685382992,1
324,7,33,99.78664685382992,1
324,8,34,99.78664685382992,1
324,9,35,99.78664685382992,1
324,22,36,99.78570131540963,1
325,10,26,99.78593770001468,1
325,11,27,99.78593353334801,1
325,6,28,99.78592103334802,1
325,7,31,99.78592103334802,1
325,8,32,99.78592103334802,1
325,9,33,99.78592103334802,1
325,22,34,99.78546076413787,1
325,22,36,99.78546076413787,1
326,10,26,99.78557583144041,1
326,11,27,99.78557166477376,1
326,6,29,99.78555916477376,1
326,7,30,99.78555916477376,1
326,8,31,99.78555916477376,1
326,9,32,99.78555916477376,1
326,22,33,99.78534153016867,1
326,23,34,99.78534153016867,1
326,23,36,99.78534153016867,1
327,10,25,99.78539593881993,1
327,11,27,99.78539177215328,1
327,6,28,99.78537927215328,1
327,7,30,99.78537927215328,1
327,8,31,99.78537927215328,1
327,9,32,99.78537927215328,1
327,23,34,99.78528295485074,1
327,23,36,99.78528295485074,1
328,10,25,99.78530703417637,1
328,11,26,99.7853028675097,1
328,6,27,99.7852903675097,1
328,7,28,99.7852903675097,1
328,8,29,99.7852903675097,1
328,9,30,99.7852903675097,1
328,24,31,99.78525470885843,1
328,24,32,99.78525470885843,1
328,24,35,99.78525470885843,1
328,24,36,99.78525470885843,1
329,20,2,98.69180615006944,2
329,10,26,99.78355053366917,1
329,11,29,99.78354636700251,1
329,20,32,99.78238647777549,1
329,20,35,99.78238647777549,1
330,21,2,96.14631413814504,3
330,21,4,95.44296313619277,1
330,22,4,95.44296313619277,4
330,23,5,96.55381396097879,3
330,10,26,99.78267332508224,1
330,11,27,99.78266915841559,1
330,23,28,99.78209546380208,1
330,24,29,99.78209546380208,1
330,24,31,99.78209546380208,1
330,24,32,99.78209546380208,1
330,24,33,99.78209546380208,1
330,20,34,99.7789644211776,1
330,20,35,99.7789644211776,1
331,10,25,99.77988748048709,1
331,11,27,99.77988331382042,1
331,20,29,99.77803719520145,1
331,20,31,99.77803719520145,1
331,21,33,99.77803719520145,1
331,21,36,99.77803719520145,1
332,10,25,99.77849559985619,1
332,21,26,99.77757462388003,1
332,21,28,99.77757462388003,1
332,22,29,99.77757462388003,1
332,22,30,99.77757462388003,1
332,22,33,99.77757462388003,1
332,22,34,99.77757462388003,1
333,5,10,102.42594071701689,5
333,10,25,99.77782153454073,1
333,23,26,99.77734437988599,1
333,23,27,99.77734437988599,1
333,23,28,99.77734437988599,1
333,23,30,99.77734437988599,1
333,24,33,99.77734437988599,1
333,24,34,99.77734437988599,1
333,24,35,99.77734437988599,1
334,24,4,95.64142522558947,1
334,20,4,95.63800423014021,4
334,10,12,89.87221357770045,1
334,21,12,89.86855817159048,4
334,22,13,89.86855817159048,4
334,23,13,89.86855817159048,1
334,23,14,89.86855817159048,3
334,24,14,89.86855817159048,2
334,24,15,89.86855817159048,2
334,20,15,89.86854152159049,3
334,20,16,89.86854152159049,1
334,21,16,89.86854152159049,4
334,22,17,89.86854152159049,4
334,23,17,89.86854152159049,1
334,23,18,89.86854152159049,3
334,24,18,89.86854152159049,2
334,24,19,89.86854152159049,2
334,20,19,89.86853886507036,3
334,20,25,99.77378478925291,1
334,21,27,99.77378478925291,1
334,21,28,99.77378478925291,1
334,21,30,99.77378478925291,1
334,21,31,99.77378478925291,1
334,22,32,99.77378478925291,1
334,22,33,99.77378478925291,1
334,22,35,99.77378478925291,1
335,12,10,109.86771376292596,4
335,12,6,109.86772626292597,1
335,13,6,109.86772626292597,4
335,13,7,109.86772626292597,1
335,14,7,109.86772626292597,4
335,14,8,109.86772626292597,1
335,15,8,109.86772626292597,4
335,15,9,109.86772626292597,1
335,16,9,109.86772626292597,4
335,16,11,109.86772626292597,1
335,17,11,109.86772626292597,4
335,17,27,109.88242534503661,1
335,18,29,109.88242534503661,3
335,18,30,109.88242534503661,2
335,19,30,109.88242534503661,1
335,19,31,109.88242534503661,3
335,19,32,109.88242534503661,1
335,10,25,99.77469930074378,1
335,22,26,99.7728661110954,1
335,23,27,99.7728661110954,1
335,23,28,99.7728661110954,1
335,23,29,99.7728661110954,1
335,23,32,99.7728661110954,1
335,24,33,99.7728661110954,1
335,24,36,99.7728661110954,1
336,1,32,104.00616676516856,2
336,10,25,99.78437059509048,1
336,6,26,99.78436642842381,1
336,7,28,99.78436642842381,1
336,8,30,99.78436642842381,1
336,9,31,99.78436642842381,1
336,11,32,99.78436642842381,1
337,24,5,96.13366308084572,2
337,20,5,96.13366204318564,1
337,10,25,99.77815276401418,1
337,6,26,99.77814859734751,1
337,7,27,99.77814859734751,1
337,8,29,99.77814859734751,1
337,9,30,99.77814859734751,1
337,11,31,99.77814859734751,1
337,20,32,99.774013450081,1
337,20,33,99.774013450081,1
337,20,34,99.774013450081,1
337,21,36,99.774013450081,1
338,10,25,99.77504411189763,1
338,6,26,99.77503994523096,1
338,7,27,99.77503994523096,1
338,8,28,99.77503994523096,1
338,9,29,99.77503994523096,1
338,11,30,99.77503994523096,1
338,21,32,99.7729786215977,1
338,21,33,99.7729786215977,1
338,21,34,99.7729786215977,1
338,22,35,99.7729786215977,1
338,22,36,99.7729786215977,1
339,1,10,104.51239346432513,4
339,1,6,104.5123976309918,1
339,22,4,98.55874896933096,2
339,23,4,98.55874896933096,2
339,23,5,94.89885143159063,2
339,10,25,99.77350749417269,1
339,6,26,99.77349082750604,1
339,7,27,99.77348666083935,1
339,8,28,99.77348666083935,1
339,9,30,99.77348666083935,1
339,11,34,99.77348666083935,1
339,24,35,99.77246224902274,1
339,24,36,99.77246224902274,1
340,10,26,99.77271939364354,1
340,6,27,99.77270272697689,1
340,7,28,99.77269856031022,1
340,8,30,99.77269856031022,1
340,9,31,99.77269856031022,1
340,11,32,99.77269856031022,1
340,24,33,99.77220093773524,1
340,24,35,99.77220093773524,1
340,20,36,99.77220045854249,1
341,20,2,96.22747504870499,3
341,21,2,96.22747504870499,2
341,21,5,98.6377123932237,2
341,22,5,98.6377123932237,3
341,12,1,107.09853142331343,3
341,13,1,107.09853142331343,2
341,13,10,107.10444071685845,1
341,14,10,107.10444071685845,3
341,15,6,107.10445738352513,3
341,16,6,107.10445738352513,2
341,16,7,107.10446155019179,1
341,17,7,107.10446155019179,3
341,18,7,107.10446155019179,1
341,18,8,107.10446155019179,2
341,19,8,107.10446155019179,3
341,22,27,99.76898842755278,1
341,23,28,99.76898842755278,1
341,23,29,99.76898842755278,1
341,23,30,99.76898842755278,1
341,23,31,99.76898842755278,1
341,24,32,99.76898842755278,1
341,24,33,99.76898842755278,1
341,24,34,99.76898842755278,1
341,24,35,99.76898842755278,1
341,20,36,99.76898370734537,1
342,20,25,99.7704650590131,1
342,20,26,99.7704650590131,1
342,20,27,99.7704650590131,1
342,21,28,99.7704650590131,1
342,21,29,99.7704650590131,1
342,21,30,99.7704650590131,1
342,21,31,99.7704650590131,1
342,22,33,99.7704650590131,1
342,22,34,99.7704650590131,1
342,22,35,99.7704650590131,1
342,22,36,99.7704650590131,1
343,23,26,99.77119635984698,1
343,23,27,99.77119635984698,1
343,23,28,99.77119635984698,1
343,23,30,99.77119635984698,1
343,24,32,99.77119635984698,1
343,24,33,99.77119635984698,1
343,24,35,99.77119635984698,1
343,24,36,99.77119635984698,1
344,20,25,99.77155165999733,1
344,20,26,99.77155165999733,1
344,20,27,99.77155165999733,1
344,20,28,99.77155165999733,1
344,21,30,99.77155165999733,1
344,21,31,99.77155165999733,1
344,21,36,99.77155165999733,1
345,21,25,99.77173345017913,1
345,22,26,99.77173345017913,1
345,22,27,99.77173345017913,1
345,22,29,99.77173345017913,1
345,22,30,99.77173345017913,1
345,23,31,99.77173345017913,1
345,23,32,99.77173345017913,1
345,23,33,99.77173345017913,1
345,23,34,99.77173345017913,1
345,24,35,99.77173345017913,1
345,24,36,99.77173345017913,1
346,24,25,99.77182434527003,1
346,24,26,99.77182434527003,1
346,20,27,99.77182431452651,1
346,20,29,99.77182431452651,1
346,20,30,99.77182431452651,1
346,20,32,99.77182431452651,1
346,21,33,99.77182431452651,1
346,21,35,99.77182431452651,1
346,21,36,99.77182431452651,1
347,1,10,101.8828286936228,3
347,21,3,98.84526247570835,1
347,22,3,98.84526247570835,3
347,4,10,101.24611828997665,1
347,4,6,101.24613078997666,4
347,22,25,99.77186975438607,1
347,23,26,99.77186975438607,1
347,23,27,99.77186975438607,1
347,23,28,99.77186975438607,1
347,23,29,99.77186975438607,1
347,24,30,99.77186975438607,1
347,24,32,99.77186975438607,1
347,24,33,99.77186975438607,1
347,24,34,99.77186975438607,1
347,20,35,99.77186954288652,1
347,20,36,99.77186954288652,1
348,3,10,100.98979507080108,3
348,3,6,100.98980757080109,1
348,20,25,99.77188804327474,1
348,21,30,99.77188804327474,1
348,21,32,99.77188804327474,1
348,21,34,99.77188804327474,1
348,22,35,99.77188804327474,1
348,22,36,99.77188804327474,1
349,22,1,99.20744023760784,1
349,23,1,99.20744023760784,3
349,5,10,103.8463377444551,3
349,5,6,103.84635857778844,2
349,25,10,99.94036030434025,1
349,26,10,99.94036030434025,1
349,27,10,99.94036030434025,1
349,28,6,99.94038530434024,1
349,30,6,99.94038530434024,1
349,32,6,99.94038530434024,1
349,34,7,99.94041863767357,1
349,35,7,99.94041863767357,1
349,36,7,99.94041863767357,1
350,10,2,98.18312422062773,2
350,24,2,98.18312397101596,3
350,20,3,97.745626759315,3
350,29,10,99.94039988767358,1
350,30,10,99.94039988767358,1
350,34,10,99.94039988767358,1
350,35,6,99.94041655434025,1
350,36,6,99.94041655434025,1
351,4,6,103.94437779433868,1
351,4,7,103.94441112767201,2
351,6,12,94.21326232228984,2
351,10,13,94.21326232228984,2
351,10,14,94.21326232228984,1
351,7,14,94.21322482228985,1
351,21,15,94.21322440101027,2
351,21,16,94.21322440101027,1
351,22,16,94.21322440101027,1
351,22,17,94.21322440101027,2
351,23,18,94.21322440101027,2
351,23,19,94.21322440101027,1
351,24,19,94.21322440101027,1
351,25,6,99.94041655434025,1
351,27,6,99.94041655434025,1
351,28,6,99.94041655434025,1
351,29,10,99.94041655434025,1
351,30,10,99.94041655434025,1
351,31,7,99.94045405434025,1
351,32,7,99.94045405434025,1
351,33,7,99.94045405434025,1
351,35,7,99.94045405434025,1
351,36,8,99.94047488767357,1
352,24,2,96.51110458127665,2
352,20,2,96.51110276013335,1
352,25,6,99.9404276967139,1
352,27,6,99.9404276967139,1
352,28,6,99.9404276967139,1
352,31,10,99.9404276967139,1
352,32,10,99.9404276967139,1
352,34,7,99.94045686338056,1
352,36,7,99.94045686338056,1
353,3,7,100.33766894620506,1
353,3,8,100.33769811287172,3
353,6,4,99.35613522689675,2
353,10,4,99.35613522689675,3
353,25,6,99.94044540504723,1
353,26,6,99.94044540504723,1
353,27,6,99.94044540504723,1
353,28,10,99.94044540504723,1
353,29,10,99.94044540504723,1
353,31,10,99.94044540504723,1
353,32,7,99.94046623838057,1
353,33,7,99.94046623838057,1
353,36,7,99.94046623838057,1
354,6,1,96.84659971161324,2
354,2,8,102.06811271864318,4
354,2,9,102.06815021864318,1
354,27,6,99.94048707171387,1
354,29,6,99.94048707171387,1
354,30,7,99.94049123838056,1
354,31,7,99.94049123838056,1
354,32,7,99.94049123838056,1
354,33,10,99.94049540504722,1
354,34,10,99.94049540504722,1
354,35,8,99.94051623838055,1
355,25,7,99.94050894671388,1
355,26,7,99.94050894671388,1
355,27,6,99.9405172800472,1
355,28,6,99.9405172800472,1
355,29,10,99.94052561338054,1
355,30,10,99.94052561338054,1
355,32,8,99.94053394671388,1
355,33,8,99.94053394671388,1
355,34,8,99.94053394671388,1
355,35,9,99.94058811338054,1
355,36,9,99.94058811338054,1
356,7,1,97.59620748447085,3
356,6,1,97.59619915113751,2
356,26,7,99.94056415504721,1
356,29,7,99.94056415504721,1
356,30,7,99.94056415504721,1
356,31,6,99.94057665504721,1
356,33,6,99.94057665504721,1
356,34,8,99.9405808217139,1
356,36,8,99.9405808217139,1
357,25,8,99.94058498838055,1
357,26,8,99.94058498838055,1
357,28,8,99.94058498838055,1
357,30,7,99.9405891550472,1
357,31,7,99.9405891550472,1
357,32,6,99.94059748838055,1
357,34,6,99.94059748838055,1
357,36,10,99.94060582171389,1
358,3,10,100.30343887748997,1
358,3,9,100.3034847108233,1
358,25,8,99.94059644671388,1
358,27,8,99.94059644671388,1
358,28,7,99.94061311338055,1
358,29,7,99.94061311338055,1
358,31,6,99.94062144671389,1
358,32,6,99.94062144671389,1
358,33,10,99.94062978004722,1
358,35,10,99.94062978004722,1
358,36,9,99.94066311338055,1
359,8,12,89.86586718131929,3
359,7,12,89.86585051465264,2
359,7,13,89.86585051465264,1
359,6,13,89.8658421813193,3
359,10,13,89.86583384798595,1
359,10,14,89.86583384798595,3
359,9,14,89.86581301465263,1
359,20,14,89.86567556620288,1
359,20,15,89.86567556620288,1
359,21,15,89.86567556620288,3
359,22,15,89.86567556620288,1
359,22,16,89.86567556620288,2
359,23,16,89.86567556620288,3
359,24,17,89.86567556620288,3
359,20,17,89.86567457128754,2
359,20,18,89.86567457128754,1
359,21,18,89.86567457128754,3
359,22,18,89.86567457128754,1
359,22,19,89.86567457128754,2
359,23,19,89.86567457128754,3
359,25,8,99.94065478004723,1
359,26,8,99.94065478004723,1
359,27,7,99.94067144671388,1
359,29,7,99.94067144671388,1
359,30,6,99.94067978004722,1
359,31,6,99.94067978004722,1
359,33,10,99.94068811338056,1
359,35,9,99.94070894671388,1
360,24,2,99.16726048878894,2
360,24,3,97.35462262116312,1
360,20,3,97.35462212373918,1
360,25,8,99.94054678085674,1
360,26,8,99.94054678085674,1
360,27,7,99.9405634475234,1
360,28,7,99.9405634475234,1
360,29,6,99.94057178085673,1
360,30,6,99.94057178085673,1
360,32,10,99.94057178085673,1
360,36,10,99.94057178085673,1
361,4,9,103.80084848466467,1
361,25,8,99.94059886419006,1
361,26,8,99.94059886419006,1
361,27,7,99.94061553085673,1
361,28,7,99.94061553085673,1
361,30,6,99.94062386419006,1
361,32,6,99.94062386419006,1
361,33,10,99.94062386419006,1
361,35,10,99.94062386419006,1
361,36,9,99.9406446975234,1
362,26,8,99.94064157252339,1
362,28,8,99.94064157252339,1
362,29,7,99.94065823919007,1
362,30,7,99.94065823919007,1
362,31,6,99.9406665725234,1
362,33,10,99.9406665725234,1
362,35,9,99.94067490585672,1
363,8,2,96.12830231595368,3
363,7,2,96.128285649287,2
363,25,8,99.94066240585673,1
363,26,8,99.94066240585673,1
363,27,7,99.94068323919007,1
363,28,7,99.94068323919007,1
363,31,6,99.94069573919006,1
363,33,9,99.94069573919006,1
363,34,9,99.94069573919006,1
363,36,9,99.94069573919006,1
364,4,9,104.58857532211186,1
364,4,10,104.58857532211186,1
364,4,11,104.5886086554452,1
364,8,12,89.86587966562405,3
364,9,12,89.86587133229071,2
364,7,13,89.86585883229071,4
364,6,13,89.86585049895737,1
364,6,14,89.86585049895737,3
364,10,14,89.86585049895737,2
364,10,15,89.86585049895737,2
364,11,15,89.86582549895738,1
364,20,15,89.8656870298509,2
364,20,16,89.8656870298509,1
364,21,16,89.8656870298509,4
364,22,17,89.8656870298509,4
364,23,17,89.8656870298509,1
364,23,18,89.8656870298509,3
364,24,18,89.8656870298509,2
364,24,19,89.8656870298509,2
364,20,19,89.86568678119833,3
364,25,8,99.94069573919006,1
364,26,8,99.94069573919006,1
364,30,9,99.9407040725234,1
364,31,9,99.9407040725234,1
364,32,9,99.9407040725234,1
364,33,7,99.9407165725234,1
364,34,6,99.94072490585674,1
364,35,10,99.94072490585674,1
365,5,11,102.41974159747977,5
365,27,8,99.94058753420411,1
365,28,8,99.94058753420411,1
365,29,9,99.94059586753744,1
365,30,9,99.94059586753744,1
365,31,9,99.94059586753744,1
365,32,7,99.94060003420412,1
365,33,7,99.94060003420412,1
365,34,6,99.94060836753745,1
365,36,10,99.94060836753745,1
366,8,1,95.66658620552721,3
