time,buyer,seller,price,qty
0,,1,109.35790901171467,4
0,2,,100.3823668871677,2
0,3,,99.28564233203963,1
0,,4,91.65899591775533,1
0,5,,99.0,3
0,,5,101.0,3
0,6,,99.0,1
0,,6,101.0,2
0,7,,99.0,1
0,,7,101.0,2
0,,8,100.0,1
0,,9,100.0,1
0,,10,100.0,1
0,,11,100.0,1
0,,12,100.0,1
0,,13,100.0,1
0,,14,100.0,1
1,,1,105.57692327075273,3
1,2,,92.73900689839405,1
1,3,,92.23450344876714,2
1,,4,107.36610193098328,5
1,5,,99.03988617689356,1
1,,5,101.04069195824493,1
1,6,,99.03988617689356,5
1,,6,101.04069195824493,3
1,7,,99.03988617689356,5
1,,7,101.04069195824493,5
1,,8,100.04028906756925,1
1,,9,100.04028906756925,1
1,,10,100.04028906756925,1
1,,11,100.04028906756925,1
1,,12,100.04028906756925,1
1,,13,100.02014453378462,1
1,,14,100.02014453378462,1
2,1,,99.17551166673935,1
2,,2,102.86099213736036,4
2,3,,96.70857880992787,4
2,4,,90.77371859486665,4
2,5,,98.90682378330182,1
2,,5,100.90494143548973,4
2,6,,98.90682378330182,3
2,,6,100.90494143548973,1
2,7,,98.90682378330182,3
2,,7,100.90494143548973,1
2,,8,99.90588260939577,1
2,,9,99.90588260939577,1
2,,10,99.90588260939577,1
2,,11,99.90588260939577,1
2,,12,99.90588260939577,1
2,13,,99.95294130469789,1
2,14,,99.95294130469789,1
3,,1,106.47315027421239,2
3,2,,101.27378400740005,3
3,,3,108.58990430676644,4
3,,4,93.15930190764759,4
3,5,,98.32385285861335,3
3,,5,100.31019332040353,4
3,6,,98.32385285861335,3
3,,6,100.31019332040353,1
3,7,,98.32385285861335,3
3,,7,100.31019332040353,2
3,,8,99.31702308950844,1
3,,9,99.31702308950844,1
3,,10,99.31702308950844,1
3,,11,99.31702308950844,1
3,,12,99.31702308950844,1
3,13,,99.65851154475422,6
3,14,,99.65851154475422,6
4,1,,99.05356826516251,3
4,,2,94.5580500217465,5
4,,3,107.26187120760912,1
4,4,,106.84227473192597,1
4,5,,99.07573019967215,3
4,,5,101.07726010269583,1
4,6,,99.07573019967215,3
4,,6,101.07726010269583,4
4,7,,99.07573019967215,3
4,,7,101.07726010269583,2
4,,8,100.07649515118399,1
4,,9,100.07649515118399,1
4,,10,100.07649515118399,1
4,,11,100.07649515118399,1
4,,12,100.07649515118399,1
4,,13,100.038247575592,1
4,,14,100.038247575592,1
5,1,,93.46368910098231,4
5,2,,101.92543446314784,2
5,3,,95.82195175484152,5
5,4,,100.621893258538,3
5,5,,99.50278641060268,4
5,,5,101.51294371182698,4
5,6,,99.50278641060268,4
5,,6,101.51294371182698,4
5,7,,99.50278641060268,3
5,,7,101.51294371182698,5
5,,8,100.50786506121483,1
5,,9,100.50786506121483,1
5,,10,100.50786506121483,1
5,,11,100.50786506121483,1
5,,12,100.50786506121483,1
5,,13,100.25393253060741,5
5,,14,100.25393253060741,5
6,,1,91.98316635290914,2
6,,2,92.84847884009514,2
6,3,,107.20767919572639,3
6,4,,96.07351510163221,3
6,5,,98.87929857758628,2
6,,5,100.87686016501227,4
6,6,,98.87929857758628,3
6,,6,100.87686016501227,2
6,7,,98.87929857758628,1
6,,7,100.87686016501227,3
6,,8,99.87807937129928,1
6,,9,99.87807937129928,1
6,,10,99.87807937129928,1
6,,11,99.87807937129928,1
6,,12,99.87807937129928,1
6,13,,99.93903968564965,1
6,14,,99.93903968564965,1
7,,1,105.08360476069456,5
7,2,,103.91271287676317,2
7,,3,90.21964357787967,4
7,,4,92.53220835423541,4
7,5,,98.22254670744087,1
7,,5,100.20684058031847,5
7,6,,98.22254670744087,1
7,,6,100.20684058031847,5
7,7,,98.22254670744087,1
7,,7,100.20684058031847,5
7,,8,99.21469364387967,1
7,,9,99.21469364387967,1
7,,10,99.21469364387967,1
7,,11,99.21469364387967,1
7,,12,99.21469364387967,1
7,13,,99.60734682193984,7
7,14,,99.60734682193984,7
8,1,,95.10974585168319,3
8,,2,99.96795131965773,3
8,3,,106.38610928499514,2
8,,4,94.20655072607329,4
8,5,,97.97066166842161,3
8,,5,99.94986695465236,3
8,6,,97.97066166842161,4
8,,6,99.94986695465236,3
8,7,,97.97066166842161,3
8,,7,99.94986695465236,1
8,,8,98.96026431153699,1
8,,9,98.96026431153699,1
8,,10,98.96026431153699,1
8,,11,98.96026431153699,1
8,,12,98.96026431153699,1
8,13,,99.4801321557685,10
8,14,,99.4801321557685,10
9,1,,108.27357959194539,1
9,,2,96.5925825630778,3
9,3,,95.95621087773269,1
9,4,,95.89478604678712,3
9,5,,98.02127021362615,3
9,,5,100.00149789470952,4
9,6,,98.02127021362615,3
9,,6,100.00149789470952,3
9,7,,98.02127021362615,1
9,,7,100.00149789470952,1
9,,8,99.01138405416783,1
9,,9,99.01138405416783,1
9,,10,99.01138405416783,1
9,,11,99.01138405416783,1
9,,12,99.01138405416783,1
9,13,,99.50569202708391,9
9,14,,99.50569202708391,9
10,1,,103.06191364216116,5
10,2,,97.1085098052531,2
10,,3,99.99283513243687,2
10,4,,92.14380238353196,1
10,5,,98.11795470895655,4
10,,5,100.1001356121678,5
10,6,,98.11795470895655,1
10,,6,100.1001356121678,4
10,7,,98.11795470895655,4
10,,7,100.1001356121678,5
10,,8,99.10904516056218,1
10,,9,99.10904516056218,1
10,,10,99.10904516056218,1
10,,11,99.10904516056218,1
10,,12,99.10904516056218,1
10,13,,99.55452258028109,8
10,14,,99.55452258028109,8
11,1,,108.25451945786105,2
11,2,,94.79686751022354,4
11,3,,94.0323361902972,4
11,4,,93.22448899292634,5
11,5,,97.92937922713105,5
11,,5,99.90775052464886,3
11,6,,97.92937922713105,3
11,,6,99.90775052464886,4
11,7,,97.92937922713105,5
11,,7,99.90775052464886,1
11,8,,99.04904596267119,2
11,9,,99.04904596267119,2
11,10,,99.04904596267119,2
11,11,,99.04904596267119,2
11,12,,99.04904596267119,2
11,13,,99.45928243794498,10
11,14,,99.45928243794498,10
12,,1,97.55290190795449,1
12,2,,92.10270568821645,2
12,,3,96.96782690949672,4
12,,4,105.60350999169171,5
12,5,,97.71785659617264,4
12,,5,99.69195470922664,1
12,6,,97.71785659617264,2
12,,6,99.69195470922664,4
12,7,,97.71785659617264,2
12,,7,99.69195470922664,1
12,,8,98.70490565269964,1
12,,9,98.70490565269964,1
12,,10,98.70490565269964,1
12,,11,98.70490565269964,1
12,,12,98.70490565269964,1
12,13,,99.35245282634982,12
12,14,,99.35245282634982,12
13,1,,94.18835368482883,5
13,,2,99.87973091240167,5
13,,3,94.29939741448007,5
13,,4,91.764569064202,5
13,5,,97.64229142390926,4
13,,5,99.61486296782661,2
13,6,,97.64229142390926,4
13,,6,99.61486296782661,5
13,7,,97.64229142390926,3
13,,7,99.61486296782661,2
13,,8,98.62857719586793,1
13,,9,98.62857719586793,1
13,,10,98.62857719586793,1
13,,11,98.62857719586793,1
13,,12,98.62857719586793,1
13,13,,99.31428859793397,13
13,14,,99.31428859793397,13
14,,1,93.80430504671514,3
14,,2,96.36171682653179,4
14,,3,102.98671334654479,1
14,,4,100.35573323070369,2
14,5,,96.88460162659203,5
14,,5,98.84186630591714,1
14,6,,96.88460162659203,4
14,,6,98.84186630591714,2
14,7,,96.88460162659203,3
14,,7,98.84186630591714,2
14,,8,97.86323396625458,1
14,,9,97.86323396625458,1
14,,10,97.86323396625458,1
14,,11,97.86323396625458,1
14,,12,97.86323396625458,1
14,13,,98.9316169831273,21
14,14,,98.9316169831273,21
15,1,,88.80178005897943,5
15,2,,100.69419464565993,3
15,,3,105.78869130294412,3
15,,4,106.36302205250806,1
15,5,,97.12874136971146,1
15,,5,99.09093816505919,4
15,6,,97.12874136971146,1
15,,6,99.09093816505919,3
15,7,,97.12874136971146,2
15,,7,99.09093816505919,4
15,,8,98.10983976738532,1
15,,9,98.10983976738532,1
15,,10,98.10983976738532,1
15,,11,98.10983976738532,1
15,,12,98.10983976738532,1
15,13,,99.05491988369266,18
15,14,,99.05491988369266,18
16,,1,96.41496237236376,4
16,,2,103.97123295157266,2
16,3,,97.090710299396,4
16,,4,93.66800373113333,1
16,5,,97.775065153884,4
16,,5,99.75031899537662,3
16,6,,97.775065153884,1
16,,6,99.75031899537662,5
16,7,,97.775065153884,1
16,,7,99.75031899537662,1
16,,8,98.76269207463031,1
16,,9,98.76269207463031,1
16,,10,98.76269207463031,1
16,,11,98.76269207463031,1
16,,12,98.76269207463031,1
16,13,,99.38134603731515,12
16,14,,99.38134603731515,12
17,1,,100.53468029475565,2
17,2,,96.97092628671169,1
17,3,,100.45531961152007,5
17,,4,105.69131763739115,4
17,5,,97.61966130044289,5
17,,5,99.59177567014879,1
17,6,,97.61966130044289,4
17,,6,99.59177567014879,1
17,7,,97.61966130044289,3
17,,7,99.59177567014879,5
17,,8,98.42054696992403,3
17,,9,98.42054696992403,3
17,,10,98.42054696992403,3
17,,11,98.42054696992403,3
17,,12,98.42054696992403,3
17,13,,99.30285924264791,13
17,14,,99.30285924264791,13
18,1,,99.63974313352038,5
18,,2,98.95407808828456,1
18,3,,107.34612448514346,5
18,4,,92.42252600682752,3
18,5,,98.18441517625287,5
18,,5,100.16793871516707,1
18,6,,98.18441517625287,3
18,,6,100.16793871516707,3
18,7,,98.18441517625287,3
18,,7,100.16793871516707,2
18,,8,99.17617694570997,1
18,,9,99.17617694570997,1
18,,10,99.17617694570997,1
18,,11,99.17617694570997,1
18,,12,99.17617694570997,1
18,13,,99.58808847285499,8
18,14,,99.58808847285499,8
19,,1,105.15104837590455,4
19,2,,90.88331781770374,1
19,3,,105.49275141490108,5
19,,4,103.85260677088745,5
19,5,,98.32893112421604,5
19,,5,100.3153741772305,4
19,6,,98.32893112421604,3
19,,6,100.3153741772305,2
19,7,,98.32893112421604,3
19,,7,100.3153741772305,3
19,,8,99.32215265072327,1
19,,9,99.32215265072327,1
19,,10,99.32215265072327,1
19,,11,99.32215265072327,1
19,,12,99.32215265072327,1
19,13,,99.66107632536163,6
19,14,,99.66107632536163,6
20,1,,93.87105198506526,1
20,,2,109.61862259444344,4
20,,3,91.04773703123197,2
20,4,,96.10566251212722,3
20,5,,98.83959415448207,1
20,,5,100.8363536323504,3
20,6,,98.83959415448207,4
20,,6,100.8363536323504,4
20,7,,98.83959415448207,2
20,,7,100.8363536323504,4
20,,8,99.83797389341623,1
20,,9,99.83797389341623,1
20,,10,99.83797389341623,1
20,,11,99.83797389341623,1
20,,12,99.83797389341623,1
20,13,,99.91898694670812,1
20,14,,99.91898694670812,1
21,1,,94.66960562732933,5
21,,2,98.31523334576659,1
21,3,,109.07845127353163,2
21,,4,101.42067011199606,1
21,5,,98.34186901384847,5
21,,5,100.32857343837067,4
21,6,,98.34186901384847,5
21,,6,100.32857343837067,2
21,7,,98.34186901384847,3
21,,7,100.32857343837067,4
21,,8,99.33522122610957,1
21,,9,99.33522122610957,1
21,,10,99.33522122610957,1
21,,11,99.33522122610957,1
21,,12,99.33522122610957,1
21,13,,99.66761061305479,6
21,14,,99.66761061305479,6
22,1,,106.91900199879821,4
22,2,,105.72344529127086,5
22,,3,106.86699139037385,4
22,4,,97.90183894450024,5
22,5,,98.73832640713054,5
22,,5,100.73304007192105,3
22,6,,98.73832640713054,4
22,,6,100.73304007192105,5
22,7,,98.73832640713054,4
22,,7,100.73304007192105,4
22,8,,99.848197997551,2
22,9,,99.848197997551,2
22,10,,99.848197997551,2
22,11,,99.848197997551,2
22,12,,99.848197997551,2
22,13,,99.8678416197629,2
22,14,,99.8678416197629,2
23,1,,94.17004569590786,1
23,2,,98.06969775304954,1
23,,3,91.32696857034577,2
23,,4,105.83416182355663,1
23,5,,99.86200175214617,4
23,,5,101.8794159289572,5
23,6,,99.86200175214617,1
23,,6,101.8794159289572,2
23,7,,99.86200175214617,5
23,,7,101.8794159289572,3
23,8,,101.00075021222779,2
23,9,,101.00075021222779,2
23,10,,101.00075021222779,2
23,11,,101.00075021222779,2
23,12,,101.00075021222779,2
23,,13,100.43535442027584,8
23,,14,100.43535442027584,8
24,,1,103.64200036247965,3
24,2,,101.83232928878355,4
24,,3,92.77768517693796,3
24,,4,98.99353774924285,3
24,5,,99.02909358352836,2
24,,5,101.02968133269054,1
24,6,,99.02909358352836,1
24,,6,101.02968133269054,1
24,7,,99.02909358352836,1
24,,7,101.02968133269054,3
24,,8,100.02938745810945,1
24,,9,100.02938745810945,1
24,,10,100.02938745810945,1
24,,11,100.02938745810945,1
24,,12,100.02938745810945,1
24,,13,100.01469372905473,1
24,,14,100.01469372905473,1
25,,1,105.10809332076589,1
25,2,,107.53590519873063,1
25,,3,94.98924050488577,5
25,4,,90.46201015841274,3
25,5,,98.86013059141234,5
25,,5,100.85730494679441,1
25,6,,98.86013059141234,1
25,,6,100.85730494679441,1
25,7,,98.86013059141234,3
25,,7,100.85730494679441,5
25,,8,99.85871776910338,1
25,,9,99.85871776910338,1
25,,10,99.85871776910338,1
25,,11,99.85871776910338,1
25,,12,99.85871776910338,1
25,13,,99.92935888455169,1
25,14,,99.92935888455169,1
26,1,,103.92936478689803,4
26,,2,92.57466599586537,5
26,,3,108.94892598459678,2
26,4,,97.13995009937607,3
26,5,,98.7903449287009,4
26,,5,100.78610947271505,1
26,6,,98.7903449287009,3
26,,6,100.78610947271505,4
26,7,,98.7903449287009,5
26,,7,100.78610947271505,4
26,,8,99.78822720070798,1
26,,9,99.78822720070798,1
26,,10,99.78822720070798,1
26,,11,99.78822720070798,1
26,,12,99.78822720070798,1
26,13,,99.89411360035399,2
26,14,,99.89411360035399,2
27,1,,106.52804631895339,5
27,2,,100.01321930405763,2
27,,3,94.96713438375501,1
27,,4,107.98379658114449,2
27,5,,99.00300687896939,2
27,,5,101.00306762399907,4
27,6,,99.00300687896939,3
27,,6,101.00306762399907,2
27,7,,99.00300687896939,4
27,,7,101.00306762399907,5
27,,8,99.61388718796225,7
27,,9,99.61388718796225,7
27,,10,99.61388718796225,7
27,,11,99.61388718796225,7
27,,12,99.61388718796225,7
27,,13,100.00151862574211,1
27,,14,100.00151862574211,1
28,,1,101.87077810624616,5
28,2,,94.42397265889203,2
28,3,,91.35635156482576,2
28,,4,91.3921836256547,1
28,5,,99.4415920208959,1
28,,5,101.4505130718231,3
28,6,,99.4415920208959,1
28,,6,101.4505130718231,3
28,7,,99.4415920208959,2
28,,7,101.4505130718231,2
28,8,,100.52120133231547,1
28,9,,100.52120133231547,1
28,10,,100.52120133231547,1
28,11,,100.52120133231547,1
28,12,,100.52120133231547,1
28,,13,100.22302627317976,4
28,,14,100.22302627317976,4
29,,1,92.49302653305269,5
29,2,,103.19895600220757,2
29,,3,90.13514415433083,5
29,,4,98.64755809528661,2
29,5,,98.11317316689973,5
29,,5,100.09525747330174,4
29,6,,98.11317316689973,3
29,,6,100.09525747330174,1
29,7,,98.11317316689973,1
29,,7,100.09525747330174,3
29,,8,99.10421532010074,1
29,,9,99.10421532010074,1
29,,10,99.10421532010074,1
29,,11,99.10421532010074,1
29,,12,99.10421532010074,1
29,13,,99.55210766005037,8
29,14,,99.55210766005037,8
30,1,,98.83268530346416,2
30,2,,93.94569366508102,5
30,3,,96.39027111795052,4
30,,4,102.26437766039129,5
30,5,,97.46988329057798,5
30,,5,99.43897184190278,3
30,6,,97.46988329057798,2
30,,6,99.43897184190278,1
30,7,,97.46988329057798,3
30,,7,99.43897184190278,5
30,,8,98.45442756624038,1
30,,9,98.45442756624038,1
30,,10,98.45442756624038,1
30,,11,98.45442756624038,1
30,,12,98.45442756624038,1
30,13,,99.22721378312019,15
30,14,,99.22721378312019,15
31,1,,104.60454442669159,2
31,,2,102.68892256286233,5
31,3,,100.9571969367577,1
31,4,,105.94919224239214,5
31,5,,97.42101746802082,5
31,,5,99.38911883101115,1
31,6,,97.42101746802082,3
31,,6,99.38911883101115,1
31,7,,97.42101746802082,3
31,,7,99.38911883101115,4
31,,8,98.40506814951598,1
31,,9,98.40506814951598,1
31,,10,98.40506814951598,1
31,,11,98.40506814951598,1
31,,12,98.40506814951598,1
31,13,,99.20253407475799,15
31,14,,99.20253407475799,15
32,,1,107.11973252453524,5
32,,2,108.64977721655613,5
32,3,,103.6954538529912,5
32,,4,103.9914232632991,2
32,5,,98.71235689548628,2
32,,5,100.70654592367792,3
32,6,,98.71235689548628,1
32,,6,100.70654592367792,3
32,7,,98.71235689548628,2
32,,7,100.70654592367792,3
32,,8,99.7094514095821,1
32,,9,99.7094514095821,1
32,,10,99.7094514095821,1
32,,11,99.7094514095821,1
32,,12,99.7094514095821,1
32,13,,99.85472570479105,2
32,14,,99.85472570479105,2
33,,1,94.11580379962696,4
33,,2,105.40250529459789,1
33,3,,97.21607592571834,4
33,,4,104.83276571778336,4
33,5,,100.16294739615549,3
33,,5,102.1864412829465,3
33,6,,100.16294739615549,3
33,,6,102.1864412829465,1
33,7,,100.16294739615549,3
33,,7,102.1864412829465,2
33,,8,101.174694339551,1
33,,9,101.174694339551,1
33,,10,101.174694339551,1
33,,11,101.174694339551,1
33,,12,101.174694339551,1
33,,13,100.5873471697755,11
33,,14,100.5873471697755,11
34,,1,103.7379440982894,3
34,2,,92.86999878357996,5
34,3,,94.49223496406836,2
34,,4,97.10501487769726,2
34,5,,99.91216752848324,4
34,,5,101.93059515532129,5
34,6,,99.91216752848324,4
34,,6,101.93059515532129,2
34,7,,99.91216752848324,4
34,,7,101.93059515532129,5
34,,8,100.92138134190226,1
34,,9,100.92138134190226,1
34,,10,100.92138134190226,1
34,,11,100.92138134190226,1
34,,12,100.92138134190226,1
34,,13,100.46069067095112,9
34,,14,100.46069067095112,9
35,1,,93.72789414526466,4
35,2,,109.88490533545924,4
35,,3,97.46777160740733,2
35,,4,91.87089361970723,3
35,5,,98.9570088904822,3
35,,5,100.9561403832192,5
35,6,,98.9570088904822,5
35,,6,100.9561403832192,4
35,7,,98.9570088904822,3
35,,7,100.9561403832192,3
35,,8,99.81539605942095,2
35,,9,99.81539605942095,2
35,,10,99.81539605942095,2
35,,11,99.81539605942095,2
35,,12,99.81539605942095,2
35,13,,99.97828731842534,1
35,14,,99.97828731842534,1
36,,1,95.51719261606091,2
36,2,,99.31265952301851,1
36,3,,89.73865907224501,4
36,,4,108.97360737707906,1
36,5,,98.51807192872171,5
36,,5,100.50833600808981,1
36,6,,98.51807192872171,3
36,,6,100.50833600808981,3
36,7,,98.51807192872171,3
36,,7,100.50833600808981,5
36,,8,99.51320396840576,1
36,,9,99.51320396840576,1
36,,10,99.51320396840576,1
36,,11,99.51320396840576,1
36,,12,99.51320396840576,1
36,13,,99.75660198420289,4
36,14,,99.75660198420289,4
37,1,,100.69923027819526,5
37,,2,97.78528555215017,1
37,,3,100.92855411522527,5
37,,4,98.50527623571165,4
37,5,,98.28373885571646,3
37,,5,100.26926893360972,1
37,6,,98.28373885571646,1
37,,6,100.26926893360972,4
37,7,,98.28373885571646,2
37,,7,100.26926893360972,5
37,,8,99.2765038946631,1
37,,9,99.2765038946631,1
37,,10,99.2765038946631,1
37,,11,99.2765038946631,1
37,,12,99.2765038946631,1
37,13,,99.63825194733155,7
37,14,,99.63825194733155,7
38,1,,93.01341809592356,4
38,,2,92.08177213412793,1
38,,3,103.37010532436875,5
38,4,,96.35467277853716,1
38,5,,98.37317817576866,3
38,,5,100.36051510861247,5
38,6,,98.37317817576866,2
38,,6,100.36051510861247,2
38,7,,98.37317817576866,3
38,,7,100.36051510861247,4
38,,8,99.36684664219057,1
38,,9,99.36684664219057,1
38,,10,99.36684664219057,1
38,,11,99.36684664219057,1
38,,12,99.36684664219057,1
38,13,,99.68342332109529,6
38,14,,99.68342332109529,6
39,1,,101.16793997161137,3
39,,2,98.61259745233255,4
39,3,,98.74748257926561,1
39,4,,89.21153422028478,4
39,5,,97.67352392699128,1
39,,5,99.64672643056686,2
39,6,,97.67352392699128,5
39,,6,99.64672643056686,1
39,7,,97.67352392699128,5
39,,7,99.64672643056686,1
39,,8,98.66012517877907,1
39,,9,98.66012517877907,1
39,,10,98.66012517877907,1
39,,11,98.66012517877907,1
39,,12,98.66012517877907,1
39,13,,99.33006258938954,13
39,14,,99.33006258938954,13
40,,1,96.59211223545674,5
40,,2,94.72449914080143,4
40,3,,89.16569393916207,5
40,,4,105.3007731553838,4
40,5,,97.34967328265617,1
40,,5,99.31633334897245,3
40,6,,97.34967328265617,1
40,,6,99.31633334897245,1
40,7,,97.34967328265617,1
40,,7,99.31633334897245,1
40,,8,98.33300331581431,1
40,,9,98.33300331581431,1
40,,10,98.33300331581431,1
40,,11,98.33300331581431,1
40,,12,98.33300331581431,1
40,13,,99.16650165790716,16
40,14,,99.16650165790716,16
41,1,,90.20343099893184,1
41,2,,92.56097579871819,1
41,,3,96.79480005030572,5
41,,4,97.20177585041932,1
41,5,,97.0071368869394,5
41,,5,98.96687702606951,3
41,6,,97.0071368869394,4
41,,6,98.96687702606951,1
41,7,,97.0071368869394,3
41,,7,98.96687702606951,3
41,,8,97.98700695650446,1
41,,9,97.98700695650446,1
41,,10,97.98700695650446,1
41,,11,97.98700695650446,1
41,,12,97.98700695650446,1
41,13,,98.99350347825222,20
41,14,,98.99350347825222,20
42,,1,91.39660501809921,1
42,2,,104.4483258060721,1
42,3,,97.38329400892192,3
42,,4,101.66660370836053,4
42,5,,96.2399420890979,4
42,,5,98.18418334342311,3
42,6,,96.2399420890979,3
42,,6,98.18418334342311,5
42,7,,96.2399420890979,1
42,,7,98.18418334342311,3
42,,8,97.2120627162605,1
42,,9,97.2120627162605,1
42,,10,97.2120627162605,1
42,,11,97.2120627162605,1
42,,12,97.2120627162605,1
42,13,,98.60603135813025,27
42,14,,98.60603135813025,27
43,1,,98.46608518126982,5
43,2,,97.1272424477184,5
43,3,,102.31158840524307,1
43,,4,89.76985584580504,4
43,5,,96.75442266618906,1
43,,5,98.70905746752622,5
43,6,,96.75442266618906,4
43,,6,98.70905746752622,3
43,7,,96.75442266618906,5
43,,7,98.70905746752622,4
43,8,,97.8791510195665,2
43,9,,97.8791510195665,2
43,10,,97.8791510195665,2
43,11,,97.8791510195665,2
43,12,,97.8791510195665,2
43,13,,98.86587003342882,22
43,14,,98.86587003342882,22
44,1,,91.53345907279562,4
44,2,,88.21257968247562,2
44,3,,97.88897916656835,2
44,4,,107.06050212028286,3
44,5,,96.7400459042008,5
44,,5,98.69439026590183,5
44,6,,96.7400459042008,2
44,,6,98.69439026590183,1
44,7,,96.7400459042008,2
44,,7,98.69439026590183,4
44,,8,97.71721808505131,1
44,,9,97.71721808505131,1
44,,10,97.71721808505131,1
44,,11,97.71721808505131,1
44,,12,97.71721808505131,1
44,13,,98.85860904252566,22
44,14,,98.85860904252566,22
45,1,,97.878323594129,2
45,2,,95.56034771024383,2
45,,3,95.06720989966571,2
45,4,,101.82670494578373,4
45,5,,96.51347739365357,1
45,,5,98.4632446137274,4
45,6,,96.51347739365357,4
45,,6,98.4632446137274,4
45,7,,96.51347739365357,4
45,,7,98.4632446137274,2
45,,8,97.48836100369049,1
45,,9,97.48836100369049,1
45,,10,97.48836100369049,1
45,,11,97.48836100369049,1
45,,12,97.48836100369049,1
45,13,,98.74418050184525,25
45,14,,98.74418050184525,25
46,,1,105.23713689497491,4
46,,2,102.71857316898951,2
46,3,,106.92321497011517,3
46,4,,104.36221892870073,4
46,5,,96.68182288306866,5
46,,5,98.63499102212054,3
46,6,,96.68182288306866,5
46,,6,98.63499102212054,4
46,7,,96.68182288306866,5
46,,7,98.63499102212054,4
46,,8,97.6584069525946,1
46,,9,97.6584069525946,1
46,,10,97.6584069525946,1
46,,11,97.6584069525946,1
46,,12,97.6584069525946,1
46,13,,98.8292034762973,23
46,14,,98.8292034762973,23
47,,1,101.84552643742121,5
47,2,,91.48810725334319,4
47,3,,100.75705574497597,5
47,4,,103.07887167119391,2
47,5,,98.4841533599986,2
47,,5,100.47373221575614,1
47,6,,98.4841533599986,4
47,,6,100.47373221575614,5
47,7,,98.4841533599986,1
47,,7,100.47373221575614,1
47,,8,99.47894278787737,1
47,,9,99.47894278787737,1
47,,10,99.47894278787737,1
47,,11,99.47894278787737,1
47,,12,99.47894278787737,1
47,13,,99.73947139393869,5
47,14,,99.73947139393869,5
48,,1,105.47454250111899,1
48,2,,104.95577679184066,5
48,3,,106.99650257104106,4
48,4,,92.09650664498254,4
48,5,,98.4710415185793,1
48,,5,100.46035548865162,2
48,6,,98.4710415185793,1
48,,6,100.46035548865162,5
48,7,,98.4710415185793,5
48,,7,100.46035548865162,4
48,,8,99.46569850361546,1
48,,9,99.46569850361546,1
48,,10,99.46569850361546,1
48,,11,99.46569850361546,1
48,,12,99.46569850361546,1
48,13,,99.73284925180772,5
48,14,,99.73284925180772,5
49,1,,105.4583043929596,3
49,2,,102.14502569763329,3
49,,3,108.14232057849466,1
49,,4,96.06936765136876,5
49,5,,99.18121137922617,2
49,,5,101.18487221517015,3
49,6,,99.18121137922617,3
49,,6,101.18487221517015,3
49,7,,99.18121137922617,4
49,,7,101.18487221517015,5
49,,8,100.18304179719816,1
49,,9,100.18304179719816,1
49,,10,100.18304179719816,1
49,,11,100.18304179719816,1
49,,12,100.18304179719816,1
49,,13,100.09152089859907,1
49,,14,100.09152089859907,1
50,,1,101.69401810233252,5
50,,2,106.41724410726624,1
50,,3,96.46455577409336,3
50,4,,95.4423003764626,2
50,5,,99.81596498164504,4
50,,5,101.83244912268839,1
50,6,,99.81596498164504,5
50,,6,101.83244912268839,1
50,7,,99.81596498164504,4
50,,7,101.83244912268839,2
50,,8,100.82420705216671,1
50,,9,100.82420705216671,1
50,,10,100.82420705216671,1
50,,11,100.82420705216671,1
50,,12,100.82420705216671,1
50,,13,100.41210352608336,8
50,,14,100.41210352608336,8
51,1,,94.58062458015463,4
51,,2,100.32750116314809,2
51,,3,94.09985413593076,2
51,,4,110.07556605116636,2
51,5,,99.57703040919375,5
51,,5,101.58868758917745,4
51,6,,99.57703040919375,5
51,,6,101.58868758917745,3
51,7,,99.57703040919375,1
51,,7,101.58868758917745,4
51,,8,100.5828589991856,1
51,,9,100.5828589991856,1
51,,10,100.5828589991856,1
51,,11,100.5828589991856,1
51,,12,100.5828589991856,1
51,,13,100.2914294995928,5
51,,14,100.2914294995928,5
52,1,,108.45428161514829,5
52,,2,97.98072027357875,4
52,,3,91.26516237124986,1
52,4,,108.03879702456679,5
52,5,,99.35394561067181,1
52,,5,101.36109602704903,1
52,6,,99.35394561067181,5
52,,6,101.36109602704903,2
52,7,,99.35394561067181,2
52,,7,101.36109602704903,3
52,,8,100.35752081886042,1
52,,9,100.35752081886042,1
52,,10,100.35752081886042,1
52,,11,100.35752081886042,1
52,,12,100.35752081886042,1
52,,13,100.17876040943021,3
52,,14,100.17876040943021,3
53,,1,94.33816005566331,4
53,2,,99.32005438536716,4
53,3,,105.57778731403559,5
53,,4,94.08908961122455,5
53,5,,99.58405405880941,4
53,,5,101.59585313070457,5
53,6,,99.58405405880941,3
53,,6,101.59585313070457,4
53,7,,99.58405405880941,2
53,,7,101.59585313070457,2
53,,8,100.18456541143765,8
53,,9,100.18456541143765,8
53,,10,100.18456541143765,8
53,,11,100.18456541143765,8
53,,12,100.18456541143765,8
53,,13,100.2949767973785,5
53,,14,100.2949767973785,5
54,1,,104.3703464844678,5
54,,2,91.00149885476142,5
54,3,,104.7059404038,1
54,4,,99.97538857940337,3
54,5,,98.90551868534764,2
54,,5,100.90360997192032,3
54,6,,98.90551868534764,2
54,,6,100.90360997192032,2
54,7,,98.90551868534764,1
54,,7,100.90360997192032,3
54,,8,99.90456432863398,1
54,,9,99.90456432863398,1
54,,10,99.90456432863398,1
54,,11,99.90456432863398,1
54,,12,99.90456432863398,1
54,13,,99.95228216431698,1
54,14,,99.95228216431698,1
55,1,,100.98410251896865,5
55,,2,105.89143078363496,5
55,,3,101.36317618555432,4
55,4,,94.73046658106185,1
55,5,,98.93640392961059,2
55,,5,100.9351191605118,1
55,6,,98.93640392961059,4
55,,6,100.9351191605118,4
55,7,,98.93640392961059,5
55,,7,100.9351191605118,2
55,,8,99.9357615450612,1
55,,9,99.9357615450612,1
55,,10,99.9357615450612,1
55,,11,99.9357615450612,1
55,,12,99.9357615450612,1
55,13,,99.9678807725306,1
55,14,,99.9678807725306,1
56,1,,109.0642706175679,3
56,2,,107.91322606823616,1
56,3,,95.15333015880569,5
56,,4,92.246936737645,1
56,5,,99.12801949787381,2
56,,5,101.13060575035611,2
56,6,,99.12801949787381,2
56,,6,101.13060575035611,1
56,7,,99.12801949787381,1
56,,7,101.13060575035611,5
56,,8,100.12931262411496,1
56,,9,100.12931262411496,1
56,,10,100.12931262411496,1
56,,11,100.12931262411496,1
56,,12,100.12931262411496,1
56,,13,100.06465631205748,1
56,,14,100.06465631205748,1
57,1,,98.94188083638957,3
57,2,,98.67940981109177,2
57,3,,110.03410749514761,3
57,,4,106.71494693925482,2
57,5,,99.34530705417164,2
57,,5,101.35228295425593,3
57,6,,99.34530705417164,2
57,,6,101.35228295425593,4
57,7,,99.34530705417164,5
57,,7,101.35228295425593,2
57,,8,100.34879500421378,1
57,,9,100.34879500421378,1
57,,10,100.34879500421378,1
57,,11,100.34879500421378,1
57,,12,100.34879500421378,1
57,,13,100.1743975021069,3
57,,14,100.1743975021069,3
58,,1,106.57670072575118,3
58,2,,95.25904939435836,5
58,,3,97.47573896014212,2
58,4,,109.7937817633641,2
58,5,,100.08060742830145,2
58,,5,102.10243788139846,2
58,6,,100.08060742830145,5
58,,6,102.10243788139846,2
58,7,,100.08060742830145,4
58,,7,102.10243788139846,1
58,,8,100.91381869463355,3
58,,9,100.91381869463355,3
58,,10,100.91381869463355,3
58,,11,100.91381869463355,3
58,,12,100.91381869463355,3
58,,13,100.54576132742497,10
58,,14,100.54576132742497,10
59,,1,98.77315538184249,5
59,2,,91.17516546288658,2
59,,3,104.87003592079193,1
59,4,,96.7797690342652,2
59,5,,100.24128662774856,3
59,,5,102.26636312527884,5
59,6,,100.24128662774856,5
59,,6,102.26636312527884,3
59,7,,100.24128662774856,5
59,,7,102.26636312527884,4
59,,8,101.2538248765137,1
59,,9,101.2538248765137,1
59,,10,101.2538248765137,1
59,,11,101.2538248765137,1
59,,12,101.2538248765137,1
59,,13,100.62691243825685,12
59,,14,100.62691243825685,12
60,1,,105.43765100861884,4
60,,2,107.66998696628173,4
60,,3,106.36990612939623,1
60,,4,105.56198946486637,2
60,5,,99.38691671028066,3
60,,5,101.39473320947825,1
60,6,,99.38691671028066,2
60,,6,101.39473320947825,5
60,7,,99.38691671028066,1
60,,7,101.39473320947825,4
60,,8,100.39082495987945,1
60,,9,100.39082495987945,1
60,,10,100.39082495987945,1
60,,11,100.39082495987945,1
60,,12,100.39082495987945,1
60,,13,100.19541247993973,3
60,,14,100.19541247993973,3
61,1,,92.51350820764893,3
61,2,,102.34065194589867,2
61,3,,92.66435380767808,1
61,,4,104.57361815905253,3
61,5,,100.73130227981409,3
61,,5,102.76627808344671,2
61,6,,100.73130227981409,2
61,,6,102.76627808344671,2
61,7,,100.73130227981409,3
61,,7,102.76627808344671,1
61,,8,101.7487901816304,1
61,,9,101.7487901816304,1
61,,10,101.7487901816304,1
61,,11,101.7487901816304,1
61,,12,101.7487901816304,1
61,,13,100.8743950908152,17
61,,14,100.8743950908152,17
62,1,,107.50107718821792,5
62,,2,109.14316622883133,1
62,,3,97.83858509715796,1
62,4,,106.56678951318663,3
62,5,,99.7615787151085,1
62,,5,101.77696414369655,5
62,6,,99.7615787151085,5
62,,6,101.77696414369655,4
62,7,,99.7615787151085,5
62,,7,101.77696414369655,2
62,,8,100.76927142940252,1
62,,9,100.76927142940252,1
62,,10,100.76927142940252,1
62,,11,100.76927142940252,1
62,,12,100.76927142940252,1
62,,13,100.38463571470126,7
62,,14,100.38463571470126,7
63,,1,105.92529430712686,2
63,2,,96.87663822472155,5
63,,3,108.37655312929735,2
63,4,,95.35888063073568,4
63,5,,100.7634156722601,2
63,,5,102.79904023129566,4
63,6,,100.7634156722601,5
63,,6,102.79904023129566,5
63,7,,100.7634156722601,2
63,,7,102.79904023129566,2
63,8,,101.85664194851013,1
63,9,,101.85664194851013,1
63,10,,101.85664194851013,1
63,11,,101.85664194851013,1
63,12,,101.85664194851013,1
63,,13,100.89061397588894,17
63,,14,100.89061397588894,17
64,,1,94.19522135373937,4
64,2,,100.79207556491485,5
64,,3,104.74592099075038,2
64,4,,106.38794260832884,1
64,5,,100.64742823411227,1
64,,5,102.68070961257918,2
64,6,,100.64742823411227,1
64,,6,102.68070961257918,4
64,7,,100.64742823411227,3
64,,7,102.68070961257918,2
64,,8,101.66406892334572,1
64,,9,101.66406892334572,1
64,,10,101.66406892334572,1
64,,11,101.66406892334572,1
64,,12,101.66406892334572,1
64,,13,100.83203446167286,16
64,,14,100.83203446167286,16
65,1,,109.4039683118725,2
65,2,,94.87431807311904,4
65,,3,100.4703048478559,5
65,,4,107.49488978441241,3
65,5,,100.51935810128843,2
65,,5,102.55005220434477,1
65,6,,100.51935810128843,1
65,,6,102.55005220434477,4
65,7,,100.51935810128843,4
65,,7,102.55005220434477,3
65,8,,101.8332009154009,5
65,9,,101.8332009154009,5
65,10,,101.8332009154009,5
65,11,,101.8332009154009,5
65,12,,101.8332009154009,5
65,,13,100.7673525764083,15
65,,14,100.7673525764083,15
66,1,,97.44375623237,3
66,,2,105.37666789002276,2
66,3,,95.83707084430675,5
66,,4,101.8486518808487,3
66,5,,100.87240573219651,5
66,,5,102.91023211062472,3
66,6,,100.87240573219651,2
66,,6,102.91023211062472,2
66,7,,100.87240573219651,1
66,,7,102.91023211062472,2
66,,8,101.89131892141062,1
66,,9,101.89131892141062,1
66,,10,101.89131892141062,1
66,,11,101.89131892141062,1
66,,12,101.89131892141062,1
66,,13,100.94565946070531,18
66,,14,100.94565946070531,18
67,,1,100.54870898520602,1
67,,2,102.12864516545282,1
67,,3,105.22374594300095,3
67,,4,95.21954712966674,1
67,5,,100.35117377443711,4
67,,5,102.37847021432472,4
67,6,,100.35117377443711,2
67,,6,102.37847021432472,1
67,7,,100.35117377443711,4
67,,7,102.37847021432472,2
67,,8,101.36482199438092,1
67,,9,101.36482199438092,1
67,,10,101.36482199438092,1
67,,11,101.36482199438092,1
67,,12,101.36482199438092,1
67,,13,100.68241099719046,13
67,,14,100.68241099719046,13
68,,1,94.45083608122789,2
68,,2,93.38817376448388,2
68,3,,93.03876617092696,3
68,4,,107.15248988753027,1
68,5,,100.13550153201992,1
68,,5,102.15844095690922,3
68,6,,100.13550153201992,4
68,,6,102.15844095690922,4
68,7,,100.13550153201992,3
68,,7,102.15844095690922,3
68,,8,101.14697124446457,1
68,,9,101.14697124446457,1
68,,10,101.14697124446457,1
68,,11,101.14697124446457,1
68,,12,101.14697124446457,1
68,,13,100.57348562223228,11
68,,14,100.57348562223228,11
69,,1,94.45045849677906,1
69,2,,92.47303643685865,3
69,3,,95.59930352430354,5
69,4,,91.00390301073735,3
69,5,,99.10446950760978,2
69,,5,101.10658000271302,4
69,6,,99.10446950760978,5
69,,6,101.10658000271302,4
69,7,,99.10446950760978,4
69,,7,101.10658000271302,2
69,,8,100.1055247551614,1
69,,9,100.1055247551614,1
69,,10,100.1055247551614,1
69,,11,100.1055247551614,1
69,,12,100.1055247551614,1
69,,13,100.0527623775807,1
69,,14,100.0527623775807,1
70,,1,102.1506222840564,5
70,2,,100.99187399742588,2
70,,3,108.28995725776576,1
70,4,,98.92609066664113,4
70,5,,97.53206285560643,3
70,,5,99.50240755976009,3
70,6,,97.53206285560643,2
70,,6,99.50240755976009,2
70,7,,97.53206285560643,4
70,,7,99.50240755976009,5
70,,8,98.51723520768326,1
70,,9,98.51723520768326,1
70,,10,98.51723520768326,1
70,,11,98.51723520768326,1
70,,12,98.51723520768326,1
70,13,,99.25861760384163,14
70,14,,99.25861760384163,14
71,,1,94.43488529649673,4
71,2,,103.20578775553723,5
71,,3,99.89767986126122,1
71,,4,107.31477947769731,5
71,5,,98.56704194300632,3
71,,5,100.5582953155923,2
71,6,,98.56704194300632,3
71,,6,100.5582953155923,1
71,7,,98.56704194300632,1
71,,7,100.5582953155923,1
71,,8,99.56266862929931,1
71,,9,99.56266862929931,1
71,,10,99.56266862929931,1
71,,11,99.56266862929931,1
71,,12,99.56266862929931,1
71,13,,99.78133431464965,4
71,14,,99.78133431464965,4
72,,1,94.18852166968067,4
72,2,,100.48981068534619,4
72,,3,94.78617628345188,3
72,,4,90.3583500525631,1
72,5,,98.97700614018578,3
72,,5,100.97654161776529,2
72,6,,98.97700614018578,1
72,,6,100.97654161776529,5
72,7,,98.97700614018578,1
72,,7,100.97654161776529,3
72,,8,99.97677387897554,1
72,,9,99.97677387897554,1
72,,10,99.97677387897554,1
72,,11,99.97677387897554,1
72,,12,99.97677387897554,1
72,13,,99.98838693948777,1
72,14,,99.98838693948777,1
73,1,,108.46629090832268,1
73,2,,101.25689998266205,1
73,,3,89.1914058270314,3
73,,4,93.35941142881953,5
73,5,,97.80874728155064,1
73,,5,99.78468157006682,5
73,6,,97.80874728155064,3
73,,6,99.78468157006682,2
73,7,,97.80874728155064,2
73,,7,99.78468157006682,5
73,,8,98.79671442580873,1
73,,9,98.79671442580873,1
73,,10,98.79671442580873,1
73,,11,98.79671442580873,1
73,,12,98.79671442580873,1
73,13,,99.39835721290436,12
73,14,,99.39835721290436,12
74,1,,104.3781790682482,2
74,,2,100.96580366972742,2
74,,3,89.78620971211805,3
74,,4,91.1677964655578,2
74,5,,97.70919032023383,1
74,,5,99.68311335700622,1
74,6,,97.70919032023383,3
74,,6,99.68311335700622,3
74,7,,97.70919032023383,4
74,,7,99.68311335700622,3
74,8,,99.03644248761312,6
74,9,,99.03644248761312,6
74,10,,99.03644248761312,6
74,11,,99.03644248761312,6
74,12,,99.03644248761312,6
74,13,,99.34807591931002,13
74,14,,99.34807591931002,13
75,1,,104.20456892106644,3
75,2,,91.02970323705433,2
75,,3,96.97685981918902,2
75,,4,97.31173191441243,2
75,5,,97.3899842106951,2
75,,5,99.357458639194,3
75,6,,97.3899842106951,5
75,,6,99.357458639194,5
75,7,,97.3899842106951,2
75,,7,99.357458639194,4
75,,8,98.25927473231499,2
75,,9,98.25927473231499,2
75,,10,98.25927473231499,2
75,,11,98.25927473231499,2
75,,12,98.25927473231499,2
75,13,,99.18686071247228,16
75,14,,99.18686071247228,16
76,,1,102.53148808592492,4
76,2,,99.04501317276768,3
76,3,,95.22382157263758,3
76,,4,107.7202770794799,2
76,5,,97.22005497956647,4
76,,5,99.18409649430518,5
76,6,,97.22005497956647,3
76,,6,99.18409649430518,1
76,7,,97.22005497956647,4
76,,7,99.18409649430518,5
76,,8,98.20207573693583,1
76,,9,98.20207573693583,1
76,,10,98.20207573693583,1
76,,11,98.20207573693583,1
76,,12,98.20207573693583,1
76,13,,99.10103786846791,17
76,14,,99.10103786846791,17
77,1,,98.29745851711591,2
77,,2,95.93033282460131,5
77,,3,94.60897957781202,1
77,4,,96.18719236406528,5
77,5,,98.00682668626469,2
77,,5,99.9867625789165,2
77,6,,98.00682668626469,2
77,,6,99.9867625789165,1
77,7,,98.00682668626469,1
77,,7,99.9867625789165,4
77,,8,98.99679463259059,1
77,,9,98.99679463259059,1
77,,10,98.99679463259059,1
77,,11,98.99679463259059,1
77,,12,98.99679463259059,1
77,13,,99.4983973162953,10
77,14,,99.4983973162953,10
78,1,,105.82303099087403,4
78,2,,100.40025489313172,2
78,3,,101.69692651232984,4
78,,4,100.17408299882756,5
78,5,,97.42680258152556,2
78,,5,99.39502081549578,4
78,6,,97.42680258152556,3
78,,6,99.39502081549578,5
78,7,,97.42680258152556,4
78,,7,99.39502081549578,5
78,,8,98.41091169851067,1
78,,9,98.41091169851067,1
78,,10,98.41091169851067,1
78,,11,98.41091169851067,1
78,,12,98.41091169851067,1
78,13,,99.20545584925534,15
78,14,,99.20545584925534,15
79,,1,105.75178759495205,3
79,2,,104.10727619374603,2
79,,3,108.96022719823566,2
79,,4,97.43053044891833,1
79,5,,98.36088137761872,5
79,,5,100.3479698902979,4
79,6,,98.36088137761872,4
79,,6,100.3479698902979,1
79,7,,98.36088137761872,3
79,,7,100.3479698902979,2
79,8,,99.57767525846361,4
79,9,,99.57767525846361,4
79,10,,99.57767525846361,4
79,11,,99.57767525846361,4
79,12,,99.57767525846361,4
79,13,,99.67721281697916,6
79,14,,99.67721281697916,6
80,1,,92.79566306059813,2
80,2,,96.09831818361276,5
80,,3,91.71881597311872,1
80,4,,101.61249129123418,2
80,5,,99.56017561142468,2
80,,5,101.57149229044336,5
80,6,,99.56017561142468,3
80,,6,101.57149229044336,3
80,7,,99.56017561142468,4
80,,7,101.57149229044336,3
80,,8,100.56583395093402,1
80,,9,100.56583395093402,1
80,,10,100.56583395093402,1
80,,11,100.56583395093402,1
80,,12,100.56583395093402,1
80,,13,100.282916975467,5
80,,14,100.282916975467,5
81,,1,95.87825033197502,2
81,2,,96.98617720623213,5
81,3,,107.85478215530537,5
81,4,,90.04500835981926,4
81,5,,98.36030252709261,5
81,,5,100.34737934582176,5
81,6,,98.36030252709261,3
81,,6,100.34737934582176,5
81,7,,98.36030252709261,1
81,,7,100.34737934582176,5
81,,8,99.35384093645719,1
81,,9,99.35384093645719,1
81,,10,99.35384093645719,1
81,,11,99.35384093645719,1
81,,12,99.35384093645719,1
81,13,,99.67692046822859,6
81,14,,99.67692046822859,6
82,,1,104.82277196282706,5
82,,2,97.37618396457796,4
82,3,,98.62049932261851,1
82,4,,107.24794363522771,3
82,5,,98.01060036458293,5
82,,5,99.99061249316037,2
82,6,,98.01060036458293,5
82,,6,99.99061249316037,1
82,7,,98.01060036458293,5
82,,7,99.99061249316037,5
82,,8,99.00060642887165,1
82,,9,99.00060642887165,1
82,,10,99.00060642887165,1
82,,11,99.00060642887165,1
82,,12,99.00060642887165,1
82,13,,99.50030321443583,9
82,14,,99.50030321443583,9
83,1,,94.94553736647634,2
83,,2,93.62777714979109,4
83,3,,97.99360207080956,4
83,4,,97.74434080489821,2
83,5,,98.77140760419965,3
83,,5,100.76678957600166,5
83,6,,98.77140760419965,3
83,,6,100.76678957600166,2
83,7,,98.77140760419965,1
83,,7,100.76678957600166,3
83,,8,99.76909859010065,1
83,,9,99.76909859010065,1
83,,10,99.76909859010065,1
83,,11,99.76909859010065,1
83,,12,99.76909859010065,1
83,13,,99.88454929505033,2
83,14,,99.88454929505033,2
84,,1,89.78006756208218,5
84,2,,96.35956415654212,3
84,,3,93.83417027981501,2
84,4,,104.74912731712833,5
84,5,,97.9250021216736,1
84,,5,99.90328499281853,5
84,6,,97.9250021216736,4
84,,6,99.90328499281853,2
84,7,,97.9250021216736,3
84,,7,99.90328499281853,5
84,,8,98.91414355724606,1
84,,9,98.91414355724606,1
84,,10,98.91414355724606,1
84,,11,98.91414355724606,1
84,,12,98.91414355724606,1
84,13,,99.45707177862303,10
84,14,,99.45707177862303,10
85,,1,104.4310384646184,3
85,2,,96.58854039491082,1
85,,3,103.01697894579168,2
85,4,,90.01655176754548,2
85,5,,97.35151326367618,5
85,,5,99.31821050132622,1
85,6,,97.35151326367618,2
85,,6,99.31821050132622,3
85,7,,97.35151326367618,2
85,,7,99.31821050132622,1
85,,8,98.3348618825012,1
85,,9,98.3348618825012,1
85,,10,98.3348618825012,1
85,,11,98.3348618825012,1
85,,12,98.3348618825012,1
85,13,,99.1674309412506,16
85,14,,99.1674309412506,16
86,1,,103.21089321691589,3
86,,2,103.70252759387782,4
86,,3,92.50613474584415,2
86,,4,99.69650747189606,3
86,5,,97.4900433906619,3
86,,5,99.45953921673586,2
86,6,,97.4900433906619,1
86,,6,99.45953921673586,3
86,7,,97.4900433906619,3
86,,7,99.45953921673586,2
86,,8,98.47479130369888,1
86,,9,98.47479130369888,1
86,,10,98.47479130369888,1
86,,11,98.47479130369888,1
86,,12,98.47479130369888,1
86,13,,99.23739565184944,15
86,14,,99.23739565184944,15
87,1,,108.15750206719657,5
87,2,,93.5037698113312,1
87,3,,99.62251134270835,1
87,,4,107.26242867183265,1
87,5,,97.88267194624653,3
87,,5,99.86009966233233,2
87,6,,97.88267194624653,4
87,,6,99.86009966233233,1
87,7,,97.88267194624653,4
87,,7,99.86009966233233,2
87,,8,98.87138580428943,1
87,,9,98.87138580428943,1
87,,10,98.87138580428943,1
87,,11,98.87138580428943,1
87,,12,98.87138580428943,1
87,13,,99.43569290214472,11
87,14,,99.43569290214472,11
88,1,,91.71608337989846,1
88,2,,101.04557172541207,2
88,,3,98.32509327428846,2
88,4,,105.89117811561708,1
88,5,,98.70898900759391,4
88,,5,100.70310999764632,5
88,6,,98.70898900759391,4
88,,6,100.70310999764632,5
88,7,,98.70898900759391,3
88,,7,100.70310999764632,1
88,,8,99.70604950262012,1
88,,9,99.70604950262012,1
88,,10,99.70604950262012,1
88,,11,99.70604950262012,1
88,,12,99.70604950262012,1
88,13,,99.85302475131006,2
88,14,,99.85302475131006,2
89,,1,96.80879966490228,1
89,,2,89.9915389123042,2
89,,3,100.84425900086222,1
89,,4,108.02153314405138,3
89,5,,98.6185891365524,1
89,,5,100.61088386658378,1
89,6,,98.6185891365524,1
89,,6,100.61088386658378,3
89,7,,98.6185891365524,3
89,,7,100.61088386658378,5
89,,8,99.61473650156809,1
89,,9,99.61473650156809,1
89,,10,99.61473650156809,1
89,,11,99.61473650156809,1
89,,12,99.61473650156809,1
89,13,,99.80736825078404,3
89,14,,99.80736825078404,3
90,,1,107.1443370847983,5
90,2,,90.73518997175418,1
90,3,,101.955312310141,3
90,4,,91.99651086678901,2
90,5,,98.47838465020752,2
90,,5,100.46784696637332,2
90,6,,98.47838465020752,2
90,,6,100.46784696637332,4
90,7,,98.47838465020752,5
90,,7,100.46784696637332,1
90,,8,99.47311580829042,1
90,,9,99.47311580829042,1
90,,10,99.47311580829042,1
90,,11,99.47311580829042,1
90,,12,99.47311580829042,1
90,13,,99.7365579041452,5
90,14,,99.7365579041452,5
91,,1,102.18500484991571,2
91,,2,90.07395893712017,3
91,,3,94.61106612111348,5
91,,4,95.49726513122725,3
91,5,,98.15609720786104,1
91,,5,100.13904866660572,2
91,6,,98.15609720786104,4
91,,6,100.13904866660572,3
91,7,,98.15609720786104,2
91,,7,100.13904866660572,1
91,,8,99.14757293723338,1
91,,9,99.14757293723338,1
91,,10,99.14757293723338,1
91,,11,99.14757293723338,1
91,,12,99.14757293723338,1
91,13,,99.57378646861669,8
91,14,,99.57378646861669,8
92,,1,98.1541706903247,1
92,,2,101.19246255001116,1
92,,3,90.31657641750627,5
92,,4,93.58627020243131,2
92,5,,97.37745815195974,3
92,,5,99.344679528767,4
92,6,,97.37745815195974,4
92,,6,99.344679528767,3
92,7,,97.37745815195974,2
92,,7,99.344679528767,3
92,,8,98.36106884036337,1
92,,9,98.36106884036337,1
92,,10,98.36106884036337,1
92,,11,98.36106884036337,1
92,,12,98.36106884036337,1
92,13,,99.18053442018169,16
92,14,,99.18053442018169,16
93,1,,96.44958652559254,4
93,2,,97.767149834523,3
93,3,,90.51388879584273,3
93,4,,101.14956158933809,1
93,5,,96.87920487559926,4
93,,5,98.83636052965177,4
93,6,,96.87920487559926,5
93,,6,98.83636052965177,4
93,7,,96.87920487559926,1
93,,7,98.83636052965177,2
93,,8,97.85778270262551,1
93,,9,97.85778270262551,1
93,,10,97.85778270262551,1
93,,11,97.85778270262551,1
93,,12,97.85778270262551,1
93,13,,98.92889135131276,21
93,14,,98.92889135131276,21
94,,1,101.93938448511098,1
94,2,,104.17529492690016,5
94,3,,103.90097699318677,4
94,,4,106.49218027833918,1
94,5,,96.68069666970791,1
94,,5,98.63384205697474,5
94,6,,96.68069666970791,2
94,,6,98.63384205697474,5
94,7,,96.68069666970791,5
94,,7,98.63384205697474,5
94,,8,97.65726936334133,1
94,,9,97.65726936334133,1
94,,10,97.65726936334133,1
94,,11,97.65726936334133,1
94,,12,97.65726936334133,1
94,13,,98.82863468167066,23
94,14,,98.82863468167066,23
95,,1,94.06607423329541,4
95,,2,90.59769541163507,4
95,3,,101.56473059466683,2
95,4,,100.69085446451633,3
95,5,,98.32418343254098,2
95,,5,100.3105305725923,4
95,6,,98.32418343254098,5
95,,6,100.3105305725923,5
95,7,,98.32418343254098,4
95,,7,100.3105305725923,5
95,,8,99.31735700256664,1
95,,9,99.31735700256664,1
95,,10,99.31735700256664,1
95,,11,99.31735700256664,1
95,,12,99.31735700256664,1
95,13,,99.65867850128332,6
95,14,,99.65867850128332,6
96,,1,92.51599047997159,5
96,,2,103.6079196768617,3
96,,3,101.82332577957993,2
96,,4,105.67805055447779,1
96,5,,97.76119778515084,4
96,,5,99.73617147778015,4
96,6,,97.76119778515084,4
96,,6,99.73617147778015,2
96,7,,97.76119778515084,2
96,,7,99.73617147778015,3
96,,8,98.7486846314655,1
96,,9,98.7486846314655,1
96,,10,98.7486846314655,1
96,,11,98.7486846314655,1
96,,12,98.7486846314655,1
96,13,,99.37434231573275,12
96,14,,99.37434231573275,12
97,1,,105.65951683188746,4
97,2,,104.03056107863955,5
97,3,,94.00438845183918,5
97,4,,98.42680588231353,3
97,5,,98.3366710028113,3
97,,5,100.32327041700952,4
97,6,,98.3366710028113,2
97,,6,100.32327041700952,1
97,7,,98.3366710028113,1
97,,7,100.32327041700952,4
97,,8,99.32997070991041,1
97,,9,99.32997070991041,1
97,,10,99.32997070991041,1
97,,11,99.32997070991041,1
97,,12,99.32997070991041,1
97,13,,99.6649853549552,6
97,14,,99.6649853549552,6
98,1,,105.01545596732788,5
98,2,,96.63663569837121,4
98,,3,98.52824645238708,3
98,4,,94.82390743643643,1
98,5,,98.65530067976285,5
98,,5,100.6483370571318,5
98,6,,98.65530067976285,3
98,,6,100.6483370571318,4
98,7,,98.65530067976285,5
98,,7,100.6483370571318,3
98,,8,99.65181886844732,1
98,,9,99.65181886844732,1
98,,10,99.65181886844732,1
98,,11,99.65181886844732,1
98,,12,99.65181886844732,1
98,13,,99.82590943422366,3
98,14,,99.82590943422366,3
99,,1,90.26116695101331,2
99,2,,103.64518483194605,1
99,,3,98.09229367391347,5
99,4,,97.291905870103,2
99,5,,98.46575360330185,1
99,,5,100.45496074680291,3
99,6,,98.46575360330185,1
99,,6,100.45496074680291,4
99,7,,98.46575360330185,2
99,,7,100.45496074680291,3
99,,8,99.46035717505238,1
99,,9,99.46035717505238,1
99,,10,99.46035717505238,1
99,,11,99.46035717505238,1
99,,12,99.46035717505238,1
99,13,,99.73017858752618,5
99,14,,99.73017858752618,5
100,1,,95.59610444370612,4
100,,2,95.09202550215826,5
100,3,,108.32425691693231,4
100,,4,98.47409763257566,2
100,5,,97.99921700313695,3
100,,5,99.97899916481649,3
100,6,,97.99921700313695,1
100,,6,99.97899916481649,5
100,7,,97.99921700313695,1
100,,7,99.97899916481649,3
100,,8,98.98910808397672,1
100,,9,98.98910808397672,1
100,,10,98.98910808397672,1
100,,11,98.98910808397672,1
100,,12,98.98910808397672,1
100,13,,99.49455404198835,10
100,14,,99.49455404198835,10
101,,1,97.83170032340092,4
101,,2,97.75545897877721,4
101,,3,100.18276217856356,2
101,4,,105.43318364976697,1
101,5,,98.14718962870953,2
101,,5,100.12996113636024,5
101,6,,98.14718962870953,4
101,,6,100.12996113636024,2
101,7,,98.14718962870953,4
101,,7,100.12996113636024,3
101,,8,99.13857538253488,1
101,,9,99.13857538253488,1
101,,10,99.13857538253488,1
101,,11,99.13857538253488,1
101,,12,99.13857538253488,1
101,13,,99.56928769126745,8
101,14,,99.56928769126745,8
102,1,,96.42280736153668,4
102,2,,105.28857160161243,5
102,3,,103.5814675745034,4
102,,4,105.73825193888932,5
102,5,,98.46807938963047,5
102,,5,100.45733351871391,2
102,6,,98.46807938963047,2
102,,6,100.45733351871391,3
102,7,,98.46807938963047,2
102,,7,100.45733351871391,3
102,8,,99.56722759863219,2
102,9,,99.56722759863219,2
102,10,,99.56722759863219,2
102,11,,99.56722759863219,2
102,12,,99.56722759863219,2
102,13,,99.73135322708609,5
102,14,,99.73135322708609,5
103,1,,100.86384769769401,2
103,2,,96.16294793344495,2
103,3,,93.51979112920212,5
103,,4,101.2044784333948,2
103,5,,99.2973599901423,3
103,,5,101.30336726267043,5
103,6,,99.2973599901423,3
103,,6,101.30336726267043,2
103,7,,99.2973599901423,5
103,,7,101.30336726267043,2
103,,8,100.30036362640637,1
103,,9,100.30036362640637,1
103,,10,100.30036362640637,1
103,,11,100.30036362640637,1
103,,12,100.30036362640637,1
103,,13,100.15018181320318,3
103,,14,100.15018181320318,3
104,1,,96.91063533571966,3
104,2,,102.75504441660549,3
104,,3,101.35722668489974,3
104,,4,108.48512329519595,4
104,5,,98.72952202491211,2
104,,5,100.72405782339519,2
104,6,,98.72952202491211,3
104,,6,100.72405782339519,1
104,7,,98.72952202491211,4
104,,7,100.72405782339519,5
104,,8,99.72678992415365,1
104,,9,99.72678992415365,1
104,,10,99.72678992415365,1
104,,11,99.72678992415365,1
104,,12,99.72678992415365,1
104,13,,99.86339496207682,2
104,14,,99.86339496207682,2
105,1,,107.92825838938518,2
105,2,,104.06732464935688,2
105,,3,104.54423533568516,5
105,,4,110.24225587655945,2
105,5,,99.36277727847306,5
105,,5,101.37010611238162,2
105,6,,99.36277727847306,5
105,,6,101.37010611238162,2
105,7,,99.36277727847306,5
105,,7,101.37010611238162,3
105,,8,100.36644169542734,1
105,,9,100.36644169542734,1
105,,10,100.36644169542734,1
105,,11,100.36644169542734,1
105,,12,100.36644169542734,1
105,,13,100.18322084771367,3
105,,14,100.18322084771367,3
106,,1,100.30821573344694,4
106,,2,98.92957402357024,1
106,3,,104.66069303629509,1
106,,4,111.56479780388426,1
106,5,,100.81574005000904,3
106,,5,102.85242166718093,3
106,6,,100.81574005000904,3
106,,6,102.85242166718093,2
106,7,,100.81574005000904,5
106,,7,102.85242166718093,3
106,,8,101.83408085859499,1
106,,9,101.83408085859499,1
106,,10,101.83408085859499,1
106,,11,101.83408085859499,1
106,,12,101.83408085859499,1
106,,13,100.91704042929749,18
106,,14,100.91704042929749,18
107,1,,95.23112444170641,1
107,2,,93.07830188495046,4
107,,3,100.77893123709777,1
107,,4,111.34548923041831,4
107,5,,101.18220755243135,5
107,,5,103.22629255349057,3
107,6,,101.18220755243135,5
107,,6,103.22629255349057,1
107,7,,101.18220755243135,2
107,,7,103.22629255349057,3
107,,8,102.20425005296096,1
107,,9,102.20425005296096,1
107,,10,102.20425005296096,1
107,,11,102.20425005296096,1
107,,12,102.20425005296096,1
107,,13,101.10212502648048,22
107,,14,101.10212502648048,22
108,,1,100.57462264484312,3
108,,2,106.71856418073025,3
108,,3,99.18386336417748,2
108,4,,96.70928693631282,3
108,5,,100.56564699737692,4
108,,5,102.59727622964715,3
108,6,,100.56564699737692,3
108,,6,102.59727622964715,1
108,7,,100.56564699737692,5
108,,7,102.59727622964715,5
108,,8,101.58146161351203,1
108,,9,101.58146161351203,1
108,,10,101.58146161351203,1
108,,11,101.58146161351203,1
108,,12,101.58146161351203,1
108,,13,100.79073080675602,15
108,,14,100.79073080675602,15
109,,1,107.34228587290289,3
109,,2,101.13783252972837,1
109,3,,96.68966592654124,2
109,4,,95.50243899331146,1
109,5,,100.290719866078,2
109,,5,102.31679501488767,2
109,6,,100.290719866078,3
109,,6,102.31679501488767,2
109,7,,100.290719866078,2
109,,7,102.31679501488767,1
109,,8,101.30375744048284,1
109,,9,101.30375744048284,1
109,,10,101.30375744048284,1
109,,11,101.30375744048284,1
109,,12,101.30375744048284,1
109,,13,100.65187872024143,13
109,,14,100.65187872024143,13
110,1,,103.32071356535616,1
110,2,,101.06163008324054,4
110,,3,105.62861136240932,2
110,4,,102.56536379054327,1
110,5,,99.95024349895266,2
110,,5,101.96944033731535,2
110,6,,99.95024349895266,4
110,,6,101.96944033731535,1
110,7,,99.95024349895266,5
110,,7,101.96944033731535,5
110,,8,100.959841918134,1
110,,9,100.959841918134,1
110,,10,100.959841918134,1
110,,11,100.959841918134,1
110,,12,100.959841918134,1
110,,13,100.479920959067,9
110,,14,100.479920959067,9
111,1,,96.03824465669405,5
111,2,,96.87440501335027,3
111,,3,107.27794634721054,2
111,4,,100.14636362641451,4
111,5,,100.40314574123329,1
111,,5,102.43149211984405,2
111,6,,100.40314574123329,1
111,,6,102.43149211984405,2
111,7,,100.40314574123329,4
111,,7,102.43149211984405,5
111,,8,101.41731893053867,1
111,,9,101.41731893053867,1
111,,10,101.41731893053867,1
111,,11,101.41731893053867,1
111,,12,101.41731893053867,1
111,,13,100.70865946526933,14
111,,14,100.70865946526933,14
112,1,,100.59377675444327,2
112,,2,100.974656349577,3
112,3,,100.97012261606412,5
112,,4,99.00362101717722,2
112,5,,100.010078761296,1
112,,5,102.03048439283734,3
112,6,,100.010078761296,5
112,,6,102.03048439283734,4
112,7,,100.010078761296,5
112,,7,102.03048439283734,4
112,,8,101.02028157706667,1
112,,9,101.02028157706667,1
112,,10,101.02028157706667,1
112,,11,101.02028157706667,1
112,,12,101.02028157706667,1
112,,13,100.51014078853333,10
112,,14,100.51014078853333,10
113,1,,106.23434677303821,2
113,,2,97.4885114292344,4
113,,3,96.30282264774897,3
113,4,,100.61968466236524,2
113,5,,99.80280588855535,1
113,,5,101.81902418933424,3
113,6,,99.80280588855535,1
113,,6,101.81902418933424,1
113,7,,99.80280588855535,5
113,,7,101.81902418933424,5
113,,8,100.8109150389448,1
113,,9,100.8109150389448,1
113,,10,100.8109150389448,1
113,,11,100.8109150389448,1
113,,12,100.8109150389448,1
113,,13,100.4054575194724,8
113,,14,100.4054575194724,8
114,,1,107.98598454900859,3
114,,2,105.41229241339605,3
114,,3,94.80667088699855,5
114,,4,99.33197964265803,4
114,5,,99.60426955999571,5
114,,5,101.61647702585421,3
114,6,,99.60426955999571,4
114,,6,101.61647702585421,4
114,7,,99.60426955999571,3
114,,7,101.61647702585421,4
114,,8,100.61037329292496,1
114,,9,100.61037329292496,1
114,,10,100.61037329292496,1
114,,11,100.61037329292496,1
114,,12,100.61037329292496,1
114,,13,100.30518664646249,6
114,,14,100.30518664646249,6
115,1,,93.66235282101141,1
115,2,,96.86348070843671,1
115,,3,95.19926543876936,4
115,4,,97.24322013931499,4
115,5,,99.86545840806407,4
115,,5,101.88294241630778,4
115,6,,99.86545840806407,3
115,,6,101.88294241630778,2
115,7,,99.86545840806407,1
115,,7,101.88294241630778,3
115,,8,100.87420041218593,1
115,,9,100.87420041218593,1
115,,10,100.87420041218593,1
115,,11,100.87420041218593,1
115,,12,100.87420041218593,1
115,,13,100.43710020609296,8
115,,14,100.43710020609296,8
116,1,,107.9994075711854,5
116,,2,92.81977683490383,1
116,,3,89.95858634602375,1
116,4,,94.02617951890585,1
116,5,,98.61906687136621,3
116,,5,100.61137125260595,5
116,6,,98.61906687136621,2
116,,6,100.61137125260595,5
116,7,,98.61906687136621,4
116,,7,100.61137125260595,1
116,,8,99.61521906198608,1
116,,9,99.61521906198608,1
116,,10,99.61521906198608,1
116,,11,99.61521906198608,1
116,,12,99.61521906198608,1
116,13,,99.80760953099303,3
116,14,,99.80760953099303,3
117,,1,103.73787909117911,3
117,2,,92.73540592967284,2
117,3,,103.27580347523968,5
117,,4,100.04394229822158,1
117,5,,97.84615960145314,1
117,,5,99.82284969441179,3
117,6,,97.84615960145314,4
117,,6,99.82284969441179,3
117,7,,97.84615960145314,3
117,,7,99.82284969441179,4
117,,8,98.83450464793246,1
117,,9,98.83450464793246,1
117,,10,98.83450464793246,1
117,,11,98.83450464793246,1
117,,12,98.83450464793246,1
117,13,,99.41725232396624,11
117,14,,99.41725232396624,11
118,,1,106.66345699456888,4
118,,2,103.12506739753442,5
118,,3,108.2079192720799,1
118,,4,98.18684793559025,2
118,5,,98.1734715119887,2
118,,5,100.15677396677636,5
118,6,,98.1734715119887,5
118,,6,100.15677396677636,3
118,7,,98.1734715119887,4
118,,7,100.15677396677636,5
118,,8,99.16512273938253,1
118,,9,99.16512273938253,1
118,,10,99.16512273938253,1
118,,11,99.16512273938253,1
118,,12,99.16512273938253,1
118,13,,99.58256136969126,8
118,14,,99.58256136969126,8
119,1,,93.0198626809377,5
119,,2,101.67102412853902,5
119,3,,110.3347170841114,4
119,,4,97.89915343458856,4
119,5,,99.35900687221411,4
119,,5,101.36625953629925,3
119,6,,99.35900687221411,3
119,,6,101.36625953629925,5
119,7,,99.35900687221411,1
119,,7,101.36625953629925,3
119,,8,100.36263320425668,1
119,,9,100.36263320425668,1
119,,10,100.36263320425668,1
119,,11,100.36263320425668,1
119,,12,100.36263320425668,1
119,,13,100.18131660212833,3
119,,14,100.18131660212833,3
120,1,,106.05887187582076,1
120,2,,98.63117187008298,4
120,,3,95.67274046757821,3
120,4,,94.17471047745292,3
120,5,,99.42374071890967,3
120,,5,101.4323011374735,3
120,6,,99.42374071890967,1
120,,6,101.4323011374735,2
120,7,,99.42374071890967,5
120,,7,101.4323011374735,2
120,,8,100.42802092819159,1
120,,9,100.42802092819159,1
120,,10,100.42802092819159,1
120,,11,100.42802092819159,1
120,,12,100.42802092819159,1
120,,13,100.2140104640958,4
120,,14,100.2140104640958,4
121,1,,109.74902285386581,3
121,,2,104.30246765118234,5
121,3,,98.7155375246004,2
121,4,,99.55715369987874,1
121,5,,98.98100049240833,4
121,,5,100.98061666397214,2
121,6,,98.98100049240833,2
121,,6,100.98061666397214,4
121,7,,98.98100049240833,2
121,,7,100.98061666397214,4
121,,8,99.98080857819023,1
121,,9,99.98080857819023,1
121,,10,99.98080857819023,1
121,,11,99.98080857819023,1
121,,12,99.98080857819023,1
121,13,,99.99040428909512,1
121,14,,99.99040428909512,1
122,1,,96.24338363747644,1
122,2,,104.71730651131817,5
122,,3,107.15447484880698,1
122,4,,96.4321752424324,5
122,5,,99.7042909306548,1
122,,5,101.718519030264,5
122,6,,99.7042909306548,1
122,,6,101.718519030264,2
122,7,,99.7042909306548,3
122,,7,101.718519030264,2
122,8,,100.91578098457903,4
122,9,,100.91578098457903,4
122,10,,100.91578098457903,4
122,11,,100.91578098457903,4
122,12,,100.91578098457903,4
122,,13,100.3557024902297,7
122,,14,100.3557024902297,7
123,1,,102.47470151262115,4
123,2,,107.03546225881668,5
123,3,,102.88742374576984,2
123,4,,105.54017247007884,4
123,5,,99.82147171916961,5
123,,5,101.83806710743568,5
123,6,,99.82147171916961,2
123,,6,101.83806710743568,4
123,7,,99.82147171916961,3
123,,7,101.83806710743568,5
123,,8,100.57966579639874,5
123,,9,100.57966579639874,5
123,,10,100.57966579639874,5
123,,11,100.57966579639874,5
123,,12,100.57966579639874,5
123,,13,100.41488470665132,8
123,,14,100.41488470665132,8
124,,1,92.11511135803455,3
124,2,,106.15472357326823,4
124,,3,110.23762691368492,4
124,4,,93.58141383405344,3
124,5,,100.55164883022204,5
124,,5,102.58299527123663,2
124,6,,100.55164883022204,2
124,,6,102.58299527123663,4
124,7,,100.55164883022204,4
124,,7,102.58299527123663,5
124,,8,101.56732205072933,1
124,,9,101.56732205072933,1
124,,10,101.56732205072933,1
124,,11,101.56732205072933,1
124,,12,101.56732205072933,1
124,,13,100.78366102536467,15
124,,14,100.78366102536467,15
125,,1,98.62569474074813,2
125,2,,102.30996843505156,2
125,3,,99.78759132706718,2
125,,4,95.95106897903563,5
125,5,,100.21692781675972,2
125,,5,102.24151221709829,4
125,6,,100.21692781675972,5
125,,6,102.24151221709829,2
125,7,,100.21692781675972,5
125,,7,102.24151221709829,3
125,,8,101.229220016929,1
125,,9,101.229220016929,1
125,,10,101.229220016929,1
125,,11,101.229220016929,1
125,,12,101.229220016929,1
125,,13,100.6146100084645,12
125,,14,100.6146100084645,12
126,,1,92.38551387268791,1
126,,2,93.45197732167364,5
126,3,,93.8473277509119,3
126,4,,95.63719225516672,3
126,5,,99.66533612048235,4
126,,5,101.67877725422946,3
126,6,,99.66533612048235,2
126,,6,101.67877725422946,2
126,7,,99.66533612048235,4
126,,7,101.67877725422946,5
126,,8,100.6720566873559,1
126,,9,100.6720566873559,1
126,,10,100.6720566873559,1
126,,11,100.6720566873559,1
126,,12,100.6720566873559,1
126,,13,100.33602834367795,6
126,,14,100.33602834367795,6
127,,1,93.87700064900078,5
127,,2,90.60554868768023,1
127,,3,106.3628022815563,2
127,,4,103.30475083033733,2
127,5,,98.03251909024846,1
127,,5,100.01297402136458,4
127,6,,98.03251909024846,2
127,,6,100.01297402136458,3
127,7,,98.03251909024846,1
127,,7,100.01297402136458,4
127,,8,99.02274655580652,1
127,,9,99.02274655580652,1
127,,10,99.02274655580652,1
127,,11,99.02274655580652,1
127,,12,99.02274655580652,1
127,13,,99.51137327790326,9
127,14,,99.51137327790326,9
128,1,,91.33914993706996,1
128,,2,106.9045282853744,3
128,,3,102.15360944492164,5
128,,4,106.2329862291915,2
128,5,,97.97640179453354,2
128,,5,99.95572304290796,2
128,6,,97.97640179453354,3
128,,6,99.95572304290796,3
128,7,,97.97640179453354,1
128,,7,99.95572304290796,1
128,,8,98.96606241872075,1
128,,9,98.96606241872075,1
128,,10,98.96606241872075,1
128,,11,98.96606241872075,1
128,,12,98.96606241872075,1
128,13,,99.48303120936038,10
128,14,,99.48303120936038,10
129,,1,104.54687717375583,2
129,,2,103.7978536517493,5
129,,3,104.96571238200374,4
129,4,,105.6554087016841,4
129,5,,98.66357604070556,4
129,,5,100.65677959708346,1
129,6,,98.66357604070556,1
129,,6,100.65677959708346,2
129,7,,98.66357604070556,2
129,,7,100.65677959708346,4
129,,8,99.66017781889451,1
129,,9,99.66017781889451,1
129,,10,99.66017781889451,1
129,,11,99.66017781889451,1
129,,12,99.66017781889451,1
129,13,,99.83008890944726,3
129,14,,99.83008890944726,3
130,,1,102.52154243888491,4
130,2,,100.90997501472688,4
130,3,,103.45412441861353,4
130,4,,106.0844910171439,1
130,5,,99.86700622815104,2
130,,5,101.88452150548744,1
130,6,,99.86700622815104,2
130,,6,101.88452150548744,1
130,7,,99.86700622815104,4
130,,7,101.88452150548744,3
130,,8,100.87576386681924,1
130,,9,100.87576386681924,1
130,,10,100.87576386681924,1
130,,11,100.87576386681924,1
130,,12,100.87576386681924,1
130,,13,100.43788193340961,8
130,,14,100.43788193340961,8
131,,1,97.68489387716254,2
131,2,,99.3007711975741,2
131,,3,107.64297688306273,1
131,4,,98.99096119082725,2
131,5,,100.36732389989929,3
131,,5,102.39494660494778,2
131,6,,100.36732389989929,5
131,,6,102.39494660494778,2
131,7,,100.36732389989929,3
131,,7,102.39494660494778,3
131,,8,101.38113525242353,1
131,,9,101.38113525242353,1
131,,10,101.38113525242353,1
131,,11,101.38113525242353,1
131,,12,101.38113525242353,1
131,,13,100.69056762621176,13
131,,14,100.69056762621176,13
132,1,,106.6935712329801,3
132,,2,97.77145201852619,5
132,3,,111.0298689952098,2
132,,4,109.91499062582676,3
132,5,,100.17595846564305,1
132,,5,102.19971520232272,5
132,6,,100.17595846564305,5
132,,6,102.19971520232272,1
132,7,,100.17595846564305,3
132,,7,102.19971520232272,5
132,,8,101.18783683398289,1
132,,9,101.18783683398289,1
132,,10,101.18783683398289,1
132,,11,101.18783683398289,1
132,,12,101.18783683398289,1
132,,13,100.59391841699144,11
132,,14,100.59391841699144,11
133,,1,106.51428615224188,3
133,2,,98.46277315256579,4
133,,3,94.52497994684592,5
133,,4,98.96877315306052,4
133,5,,101.30984033126671,1
133,,5,103.3565037723024,5
133,6,,101.30984033126671,5
133,,6,103.3565037723024,4
133,7,,101.30984033126671,1
133,,7,103.3565037723024,5
133,,8,102.33317205178456,1
133,,9,102.33317205178456,1
133,,10,102.33317205178456,1
133,,11,102.33317205178456,1
133,,12,102.33317205178456,1
133,,13,101.16658602589229,23
133,,14,101.16658602589229,23
134,,1,93.48739539905304,5
134,2,,108.7398816699181,3
134,,3,105.88729345964384,4
134,4,,103.8108046378967,5
134,5,,100.54142283858044,3
134,,5,102.5725626939053,2
134,6,,100.54142283858044,1
134,,6,102.5725626939053,1
134,7,,100.54142283858044,4
134,,7,102.5725626939053,4
134,,8,101.55699276624287,1
134,,9,101.55699276624287,1
134,,10,101.55699276624287,1
134,,11,101.55699276624287,1
134,,12,101.55699276624287,1
134,,13,100.77849638312144,15
134,,14,100.77849638312144,15
135,,1,109.76875132287289,3
135,2,,98.2173332467149,1
135,,3,95.01437270186345,1
135,4,,109.37596083482742,4
135,5,,100.78254091045952,1
135,,5,102.81855183794355,5
135,6,,100.78254091045952,5
135,,6,102.81855183794355,2
135,7,,100.78254091045952,2
135,,7,102.81855183794355,2
135,,8,101.80054637420153,1
135,,9,101.80054637420153,1
135,,10,101.80054637420153,1
135,,11,101.80054637420153,1
135,,12,101.80054637420153,1
135,,13,100.90027318710077,18
135,,14,100.90027318710077,18
136,,1,103.96536084462807,2
136,2,,111.43923267567253,4
136,3,,95.66564839966534,1
136,4,,93.1901731893988,4
136,5,,100.97900852063118,3
136,,5,103.01898849074495,4
136,6,,100.97900852063118,1
136,,6,103.01898849074495,2
136,7,,100.97900852063118,1
136,,7,103.01898849074495,2
136,,8,101.89960547768513,1
136,,9,101.89960547768513,1
136,,10,101.89960547768513,1
136,,11,101.89960547768513,1
136,,12,101.89960547768513,1
136,,13,100.99949925284403,19
136,,14,100.99949925284403,19
137,,1,107.83860192011907,2
137,,2,97.5096558993535,2
137,,3,102.23974929283924,5
137,4,,102.63384477201346,3
137,5,,100.61611280689593,5
137,,5,102.64876155046957,5
137,6,,100.61611280689593,4
137,,6,102.64876155046957,1
137,7,,100.61611280689593,2
137,,7,102.64876155046957,2
137,,8,101.63243717868275,1
137,,9,101.63243717868275,1
137,,10,101.63243717868275,1
137,,11,101.63243717868275,1
137,,12,101.63243717868275,1
137,,13,100.81621858934137,16
137,,14,100.81621858934137,16
138,1,,92.8149868699608,4
138,2,,102.60071978366037,3
138,,3,97.21996208647953,1
138,,4,96.81320745340899,4
138,5,,100.73605806166077,3
138,,5,102.77112994169431,2
138,6,,100.73605806166077,4
138,,6,102.77112994169431,2
138,7,,100.73605806166077,2
138,,7,102.77112994169431,3
138,,8,101.75359400167754,1
138,,9,101.75359400167754,1
138,,10,101.75359400167754,1
138,,11,101.75359400167754,1
138,,12,101.75359400167754,1
138,,13,100.87679700083876,17
138,,14,100.87679700083876,17
139,,1,106.39458067459384,4
139,,2,100.13998347695316,4
139,3,,97.20916749425224,5
139,,4,101.8592235613725,5
139,5,,99.61100495126493,4
139,,5,101.62334848563393,5
139,6,,99.61100495126493,1
139,,6,101.62334848563393,1
139,7,,99.61100495126493,1
139,,7,101.62334848563393,1
139,,8,100.61717671844943,1
139,,9,100.61717671844943,1
139,,10,100.61717671844943,1
139,,11,100.61717671844943,1
139,,12,100.61717671844943,1
139,,13,100.30858835922471,6
139,,14,100.30858835922471,6
140,,1,108.10566453304145,5
140,,2,93.1438418750348,2
140,3,,106.44603948829409,2
140,4,,103.17647569307181,1
140,5,,99.75758735707525,1
140,,5,101.77289215216767,4
140,6,,99.75758735707525,1
140,,6,101.77289215216767,5
140,7,,99.75758735707525,3
140,,7,101.77289215216767,1
140,,8,100.6514692702849,2
140,,9,100.6514692702849,2
140,,10,100.6514692702849,2
140,,11,100.6514692702849,2
140,,12,100.6514692702849,2
140,,13,100.38261987731073,7
140,,14,100.38261987731073,7
141,1,,99.41423350877655,2
141,2,,108.24336594881285,2
141,,3,106.93667302255133,2
141,4,,96.1280369462456,2
141,5,,100.1347756329991,4
141,,5,102.1577003932617,5
141,6,,100.1347756329991,4
141,,6,102.1577003932617,1
141,7,,100.1347756329991,5
141,,7,102.1577003932617,5
141,,8,101.1462380131304,1
141,,9,101.1462380131304,1
141,,10,101.1462380131304,1
141,,11,101.1462380131304,1
141,,12,101.1462380131304,1
141,,13,100.57311900656521,11
141,,14,100.57311900656521,11
142,,1,101.25581555092285,4
142,,2,100.1985332514394,3
142,3,,103.19958733817568,4
142,,4,103.23954465565934,5
142,5,,100.42543493694774,5
142,,5,102.45423160234063,5
142,6,,100.42543493694774,1
142,,6,102.45423160234063,5
142,7,,100.42543493694774,4
142,,7,102.45423160234063,4
142,,8,101.43983326964418,1
142,,9,101.43983326964418,1
142,,10,101.43983326964418,1
142,,11,101.43983326964418,1
142,,12,101.43983326964418,1
142,,13,100.71991663482208,14
142,,14,100.71991663482208,14
143,1,,101.59010676763425,4
143,,2,103.54075471245883,1
143,3,,102.61959904047025,3
143,,4,100.3173938368377,4
143,5,,100.46586854303577,3
143,,5,102.49548204895568,3
143,6,,100.46586854303577,2
143,,6,102.49548204895568,5
143,7,,100.46586854303577,3
143,,7,102.49548204895568,4
143,,8,101.2552332011421,4
143,,9,101.2552332011421,4
143,,10,101.2552332011421,4
143,,11,101.2552332011421,4
143,,12,101.2552332011421,4
143,,13,100.74033764799786,14
143,,14,100.74033764799786,14
144,,1,98.81883783955047,3
144,,2,105.31649666937929,1
144,,3,101.33419043456077,3
144,,4,98.3916512507063,4
144,5,,100.43892117416064,5
144,,5,102.46799028879016,5
144,6,,100.43892117416064,4
144,,6,102.46799028879016,5
144,7,,100.43892117416064,3
144,,7,102.46799028879016,1
144,,8,101.4534557314754,1
144,,9,101.4534557314754,1
144,,10,101.4534557314754,1
144,,11,101.4534557314754,1
144,,12,101.4534557314754,1
144,,13,100.7267278657377,14
144,,14,100.7267278657377,14
145,,1,110.27108307417159,2
145,,2,108.24793001537698,4
145,,3,99.27046471386771,1
145,,4,108.22428666255055,1
145,5,,100.24056579542251,4
145,,5,102.26562773068356,2
145,6,,100.24056579542251,5
145,,6,102.26562773068356,1
145,7,,100.24056579542251,3
145,,7,102.26562773068356,3
145,,8,101.25309676305304,1
145,,9,101.25309676305304,1
145,,10,101.25309676305304,1
145,,11,101.25309676305304,1
145,,12,101.25309676305304,1
145,,13,100.62654838152652,12
145,,14,100.62654838152652,12
146,1,,93.66213685545513,3
146,2,,93.57254287846364,1
146,,3,103.42599869222619,5
146,4,,99.85291874047053,3
146,5,,101.39061272743396,1
146,,5,103.43890793404879,1
146,6,,101.39061272743396,3
146,,6,103.43890793404879,3
146,7,,101.39061272743396,3
146,,7,103.43890793404879,2
146,,8,102.41476033074137,1
146,,9,102.41476033074137,1
146,,10,102.41476033074137,1
146,,11,102.41476033074137,1
146,,12,102.41476033074137,1
146,,13,101.2073801653707,24
146,,14,101.2073801653707,24
147,1,,107.91567817305875,3
147,,2,102.37468837161404,3
147,3,,109.45226894707115,4
147,4,,92.21962661989463,5
147,5,,100.13504787789158,1
147,,5,102.157978138051,3
147,6,,100.13504787789158,1
147,,6,102.157978138051,1
147,7,,100.13504787789158,4
147,,7,102.157978138051,3
147,,8,101.1465130079713,1
147,,9,101.1465130079713,1
147,,10,101.1465130079713,1
147,,11,101.1465130079713,1
147,,12,101.1465130079713,1
147,,13,100.57325650398565,11
147,,14,100.57325650398565,11
148,,1,93.96059375811667,5
148,2,,105.47935252420545,1
148,3,,93.3524293183797,4
148,4,,95.49193634247013,2
148,5,,100.49783611913067,1
148,,5,102.52809543466866,1
148,6,,100.49783611913067,4
148,,6,102.52809543466866,1
148,7,,100.49783611913067,3
148,,7,102.52809543466866,5
148,,8,101.51296577689966,1
148,,9,101.51296577689966,1
148,,10,101.51296577689966,1
148,,11,101.51296577689966,1
148,,12,101.51296577689966,1
148,,13,100.75648288844982,15
148,,14,100.75648288844982,15
149,1,,101.00672347200644,4
149,2,,107.312652439307,4
149,,3,96.46942742349346,2
149,4,,105.48160689195251,4
149,5,,99.37502954431226,5
149,,5,101.3826058987428,1
149,6,,99.37502954431226,2
149,,6,101.3826058987428,5
149,7,,99.37502954431226,2
149,,7,101.3826058987428,5
149,,8,100.37881772152753,1
149,,9,100.37881772152753,1
149,,10,100.37881772152753,1
149,,11,100.37881772152753,1
149,,12,100.37881772152753,1
149,,13,100.18940886076376,3
149,,14,100.18940886076376,3
150,1,,91.65218821963121,5
150,2,,110.14728861687351,4
150,,3,99.76991722611552,3
150,,4,97.96462767147776,4
150,5,,99.86282709742581,5
150,,5,101.88025794787886,2
150,6,,99.86282709742581,5
150,,6,101.88025794787886,3
150,7,,99.86282709742581,3
150,,7,101.88025794787886,2
150,,8,100.78626157852308,1
150,,9,100.78626157852308,1
150,,10,100.78626157852308,1
150,,11,100.78626157852308,1
150,,12,100.78626157852308,1
150,,13,100.43577126132617,8
150,,14,100.43577126132617,8
151,,1,107.75587575099601,2
151,2,,98.52969086902297,1
151,,3,92.6058944417075,4
151,4,,107.27858948641864,5
151,5,,99.55708623602511,5
151,,5,101.56834050341955,3
151,6,,99.55708623602511,1
151,,6,101.56834050341955,5
151,7,,99.55708623602511,3
151,,7,101.56834050341955,4
151,,8,100.56271336972233,1
151,,9,100.56271336972233,1
151,,10,100.56271336972233,1
151,,11,100.56271336972233,1
151,,12,100.56271336972233,1
151,,13,100.28135668486117,5
151,,14,100.28135668486117,5
152,1,,94.81739432038647,5
152,2,,110.2053851968933,5
152,3,,91.46046471870717,5
152,4,,91.66346874737938,4
152,5,,99.75255205146854,4
152,,5,101.76775512321538,4
152,6,,99.75255205146854,1
152,,6,101.76775512321538,1
152,7,,99.75255205146854,3
152,,7,101.76775512321538,1
152,,8,100.76015358734196,1
152,,9,100.76015358734196,1
152,,10,100.76015358734196,1
152,,11,100.76015358734196,1
152,,12,100.76015358734196,1
152,,13,100.38007679367098,7
152,,14,100.38007679367098,7
153,,1,96.27116793627086,5
153,2,,96.53996527094706,3
153,,3,106.30505629622262,2
153,,4,104.95213598171449,5
153,5,,98.84093355712677,4
153,,5,100.83772009363439,2
153,6,,98.84093355712677,4
153,,6,100.83772009363439,2
153,7,,98.84093355712677,2
153,,7,100.83772009363439,1
153,,8,99.63129597914084,4
153,,9,99.63129597914084,4
153,,10,99.63129597914084,4
153,,11,99.63129597914084,4
153,,12,99.63129597914084,4
153,13,,99.91966341269028,1
153,14,,99.91966341269028,1
154,,1,95.34096765456674,4
154,,2,102.66399398278408,3
154,,3,90.91591629189806,1
154,,4,101.78294049316615,5
154,5,,99.06406424864342,4
154,,5,101.06535847588874,4
154,6,,99.06406424864342,3
154,,6,101.06535847588874,1
154,7,,99.06406424864342,4
154,,7,101.06535847588874,3
154,,8,100.06471136226608,1
154,,9,100.06471136226608,1
154,,10,100.06471136226608,1
154,,11,100.06471136226608,1
154,,12,100.06471136226608,1
154,,13,100.03235568113304,1
154,,14,100.03235568113304,1
155,,1,105.9873337487972,2
155,2,,102.50372635763097,4
155,3,,99.4207184838232,3
155,,4,103.82092853820907,1
155,5,,98.50385595423012,4
155,,5,100.49383284219437,1
155,6,,98.50385595423012,1
155,,6,100.49383284219437,2
155,7,,98.50385595423012,5
155,,7,100.49383284219437,1
155,,8,99.49884439821224,1
155,,9,99.49884439821224,1
155,,10,99.49884439821224,1
155,,11,99.49884439821224,1
155,,12,99.49884439821224,1
155,13,,99.74942219910612,5
155,14,,99.74942219910612,5
156,1,,103.75071747690598,3
156,,2,93.89811961581889,1
156,,3,95.27529468271669,3
156,,4,93.54023071586204,4
156,5,,99.3330383239963,4
156,,5,101.33976637094574,1
156,6,,99.3330383239963,4
156,,6,101.33976637094574,4
156,7,,99.3330383239963,5
156,,7,101.33976637094574,4
156,,8,100.33640234747102,1
156,,9,100.33640234747102,1
156,,10,100.33640234747102,1
156,,11,100.33640234747102,1
156,,12,100.33640234747102,1
156,,13,100.16820117373551,3
156,,14,100.16820117373551,3
157,,1,104.90353299830026,2
157,2,,106.88567967431705,3
157,3,,102.96296927781411,3
157,4,,107.5234767480752,2
157,5,,98.4468340443733,3
157,,5,100.43565897456267,5
157,6,,98.4468340443733,3
157,,6,100.43565897456267,5
157,7,,98.4468340443733,2
157,,7,100.43565897456267,2
157,,8,99.44124650946799,1
157,,9,99.44124650946799,1
157,,10,99.44124650946799,1
157,,11,99.44124650946799,1
157,,12,99.44124650946799,1
157,13,,99.720623254734,5
157,14,,99.720623254734,5
158,1,,105.47250013846661,1
158,2,,94.2925510992634,5
158,,3,109.13006826444104,2
158,,4,102.38950506854295,1
158,5,,99.90675944964711,5
158,,5,101.92507782236727,2
158,6,,99.90675944964711,4
158,,6,101.92507782236727,5
158,7,,99.90675944964711,5
158,,7,101.92507782236727,3
158,,8,100.91591863600719,1
158,,9,100.91591863600719,1
158,,10,100.91591863600719,1
158,,11,100.91591863600719,1
158,,12,100.91591863600719,1
158,,13,100.45795931800359,9
158,,14,100.45795931800359,9
159,,1,99.31022400904033,4
159,,2,107.66715404388003,1
159,,3,110.12951326299671,1
159,4,,110.89594249272498,4
159,5,,100.29722892475131,3
159,,5,102.32343556969577,2
159,6,,100.29722892475131,5
159,,6,102.32343556969577,1
159,7,,100.29722892475131,3
159,,7,102.32343556969577,4
159,,8,101.10987867041018,4
159,,9,101.10987867041018,4
159,,10,101.10987867041018,4
159,,11,101.10987867041018,4
159,,12,101.10987867041018,4
159,,13,100.65516612361176,13
159,,14,100.65516612361176,13
160,,1,101.2726353738073,5
160,2,,98.35650142290048,4
160,,3,103.04694887202449,2
160,4,,94.57996971473796,1
160,5,,101.48807690366735,1
160,,5,103.53834108353942,1
160,6,,101.48807690366735,1
160,,6,103.53834108353942,3
160,7,,101.48807690366735,5
160,,7,103.53834108353942,5
160,,8,102.45717552559428,1
160,,9,102.45717552559428,1
160,,10,102.45717552559428,1
160,,11,102.45717552559428,1
160,,12,102.45717552559428,1
160,,13,101.25660449680169,25
160,,14,101.25660449680169,25
161,1,,93.03467167526728,4
161,2,,93.8957788129462,5
161,,3,107.03298362268515,4
161,,4,101.34405635914285,3
161,5,,100.58017952982345,5
161,,5,102.61210234860778,2
161,6,,100.58017952982345,1
161,,6,102.61210234860778,5
161,7,,100.58017952982345,3
161,,7,102.61210234860778,2
161,,8,101.59614093921562,1
161,,9,101.59614093921562,1
161,,10,101.59614093921562,1
161,,11,101.59614093921562,1
161,,12,101.59614093921562,1
161,,13,100.79807046960781,15
161,,14,100.79807046960781,15
162,,1,110.11699004541514,1
162,,2,101.84753803277788,5
162,,3,93.94992894774201,1
162,,4,98.02044517063455,1
162,5,,99.84215117195427,4
162,,5,101.85916432694324,3
162,6,,99.84215117195427,5
162,,6,101.85916432694324,3
162,7,,99.84215117195427,5
162,,7,101.85916432694324,5
162,,8,100.7390207020945,2
162,,9,100.7390207020945,2
162,,10,100.7390207020945,2
162,,11,100.7390207020945,2
162,,12,100.7390207020945,2
162,,13,100.42532887472439,8
162,,14,100.42532887472439,8
163,,1,96.46211969079155,2
163,,2,95.16676230493418,5
163,3,,106.0104244228653,5
163,,4,104.33923081394228,2
163,5,,99.79110375609714,1
163,,5,101.80708565015972,4
163,6,,99.79110375609714,2
163,,6,101.80708565015972,1
163,7,,99.79110375609714,4
163,,7,101.80708565015972,2
163,,8,100.79909470312843,1
163,,9,100.79909470312843,1
163,,10,100.79909470312843,1
163,,11,100.79909470312843,1
163,,12,100.79909470312843,1
163,,13,100.39954735156422,7
163,,14,100.39954735156422,7
164,,1,101.49618291904582,3
164,2,,98.70914188145885,4
164,3,,96.36253431915928,3
164,,4,103.24173698210517,2
164,5,,99.67364687843376,3
164,,5,101.6872559062809,5
164,6,,99.67364687843376,1
164,,6,101.6872559062809,4
164,7,,99.67364687843376,2
164,,7,101.6872559062809,3
164,8,,100.7701633639501,1
164,9,,100.7701633639501,1
164,10,,100.7701633639501,1
164,11,,100.7701633639501,1
164,12,,100.7701633639501,1
164,,13,100.34022569617866,6
164,,14,100.34022569617866,6
165,1,,100.38677409191321,3
165,2,,96.75435045417058,2
165,,3,104.38862996009476,1
165,4,,93.0741804140981,3
165,5,,99.49054923184357,1
165,,5,101.50045931733536,3
165,6,,99.49054923184357,1
165,,6,101.50045931733536,2
165,7,,99.49054923184357,1
165,,7,101.50045931733536,4
165,8,,100.75691015856839,5
165,9,,100.75691015856839,5
165,10,,100.75691015856839,5
165,11,,100.75691015856839,5
165,12,,100.75691015856839,5
165,,13,100.24775213729473,4
165,,14,100.24775213729473,4
166,1,,103.41125918822922,4
166,2,,103.49936155683221,5
166,3,,92.46109095881911,1
166,,4,107.66701024188366,1
166,5,,99.10814385169955,1
166,,5,101.11032857597631,4
166,6,,99.10814385169955,1
166,,6,101.11032857597631,2
166,7,,99.10814385169955,5
166,,7,101.11032857597631,5
166,,8,100.10923621383793,1
166,,9,100.10923621383793,1
166,,10,100.10923621383793,1
166,,11,100.10923621383793,1
166,,12,100.10923621383793,1
166,,13,100.05461810691897,1
166,,14,100.05461810691897,1
167,1,,102.839169827217,2
167,,2,102.6730240753663,5
167,,3,93.46411895454327,3
167,,4,100.56674028580252,4
167,5,,99.48623887921771,2
167,,5,101.49606188687868,5
167,6,,99.48623887921771,4
167,,6,101.49606188687868,1
167,7,,99.48623887921771,4
167,,7,101.49606188687868,3
167,,8,100.4911503830482,1
167,,9,100.4911503830482,1
167,,10,100.4911503830482,1
167,,11,100.4911503830482,1
167,,12,100.4911503830482,1
167,,13,100.2455751915241,4
167,,14,100.2455751915241,4
168,1,,107.24921278940644,2
168,2,,97.94031256840532,3
168,,3,90.5011968820326,3
168,,4,108.52664952411732,3
168,5,,99.31661700953602,3
168,,5,101.32301331275896,4
168,6,,99.31661700953602,3
168,,6,101.32301331275896,2
168,7,,99.31661700953602,1
168,,7,101.32301331275896,2
168,,8,100.2956680729705,1
168,,9,100.2956680729705,1
168,,10,100.2956680729705,1
168,,11,100.2956680729705,1
168,,12,100.2956680729705,1
168,,13,100.15990758057374,3
168,,14,100.15990758057374,3
169,,1,110.11407244617999,2
169,2,,106.87241328685887,5
169,,3,90.50323621982719,4
169,4,,95.70432885253332,2
169,5,,99.46206318083989,3
169,,5,101.47139779055382,2
169,6,,99.46206318083989,1
169,,6,101.47139779055382,3
169,7,,99.46206318083989,5
169,,7,101.47139779055382,1
169,,8,100.46673048569686,1
169,,9,100.46673048569686,1
169,,10,100.46673048569686,1
169,,11,100.46673048569686,1
169,,12,100.46673048569686,1
169,,13,100.23336524284844,4
169,,14,100.23336524284844,4
170,,1,98.7205103879515,2
170,2,,104.48741665549154,4
170,3,,104.00336778236318,5
170,,4,91.34677357978099,2
170,5,,99.51216873337789,4
170,,5,101.52251557647644,1
170,6,,99.51216873337789,3
170,,6,101.52251557647644,5
170,7,,99.51216873337789,4
170,,7,101.52251557647644,5
170,,8,100.51734215492716,1
170,,9,100.51734215492716,1
170,,10,100.51734215492716,1
170,,11,100.51734215492716,1
170,,12,100.51734215492716,1
170,,13,100.25867107746359,5
170,,14,100.25867107746359,5
171,1,,101.1225325529009,4
171,,2,96.25948969825845,4
171,3,,93.27875123906118,2
171,4,,99.08558208633293,4
171,5,,99.27755956012155,2
171,,5,101.28316682396238,3
171,6,,99.27755956012155,3
171,,6,101.28316682396238,5
171,7,,99.27755956012155,4
171,,7,101.28316682396238,1
171,,8,100.28036319204196,1
171,,9,100.28036319204196,1
171,,10,100.28036319204196,1
171,,11,100.28036319204196,1
171,,12,100.28036319204196,1
171,,13,100.14018159602098,2
171,,14,100.14018159602098,2
172,1,,98.59303834619512,4
172,,2,102.94532042367646,5
172,3,,93.13341226617409,4
172,,4,90.03650021570337,3
172,5,,98.59880039660274,4
172,,5,100.59069535410987,1
172,6,,98.59880039660274,4
172,,6,100.59069535410987,3
172,7,,98.59880039660274,2
172,,7,100.59069535410987,1
172,,8,99.5947478753563,1
172,,9,99.5947478753563,1
172,,10,99.5947478753563,1
172,,11,99.5947478753563,1
172,,12,99.5947478753563,1
172,13,,99.79737393767815,4
172,14,,99.79737393767815,4
173,1,,89.93618066685865,3
173,2,,101.35337081511042,2
173,,3,107.45333004208852,1
173,4,,90.06236919490769,3
173,5,,97.8262819587332,1
173,,5,99.80257048315207,2
173,6,,97.8262819587332,2
173,,6,99.80257048315207,2
173,7,,97.8262819587332,5
173,,7,99.80257048315207,2
173,,8,98.81442622094264,1
173,,9,98.81442622094264,1
173,,10,98.81442622094264,1
173,,11,98.81442622094264,1
173,,12,98.81442622094264,1
173,13,,99.40721311047132,11
173,14,,99.40721311047132,11
174,1,,91.85996692069979,2
174,,2,89.95764471790409,2
174,,3,91.50727007970815,3
174,,4,98.40885764144707,2
174,5,,97.51956363038671,2
174,,5,99.48965582493999,5
174,6,,97.51956363038671,3
174,,6,99.48965582493999,4
174,7,,97.51956363038671,5
174,,7,99.48965582493999,2
174,,8,98.50460972766335,1
174,,9,98.50460972766335,1
174,,10,98.50460972766335,1
174,,11,98.50460972766335,1
174,,12,98.50460972766335,1
174,13,,99.25230486383168,14
174,14,,99.25230486383168,14
175,,1,105.60937742405616,2
175,2,,92.74395388579173,3
175,3,,98.01460757985554,5
175,,4,90.60895043093551,1
175,5,,96.3088920900472,3
175,,5,98.2545262736845,5
175,6,,96.3088920900472,5
175,,6,98.2545262736845,2
175,7,,96.3088920900472,5
175,,7,98.2545262736845,4
175,,8,97.28170918186585,1
175,,9,97.28170918186585,1
175,,10,97.28170918186585,1
175,,11,97.28170918186585,1
175,,12,97.28170918186585,1
175,13,,98.64085459093292,27
175,14,,98.64085459093292,27
176,,1,96.44103268976454,2
176,,2,92.5730618953165,1
176,3,,99.5366989068257,3
176,,4,103.67886284479506,2
176,5,,96.34198973576464,4
176,,5,98.28829255870939,1
176,6,,96.34198973576464,2
176,,6,98.28829255870939,3
176,7,,96.34198973576464,1
176,,7,98.28829255870939,3
176,,8,97.31514114723701,1
176,,9,97.31514114723701,1
176,,10,97.31514114723701,1
176,,11,97.31514114723701,1
176,,12,97.31514114723701,1
176,13,,98.6575705736185,26
176,14,,98.6575705736185,26
177,,1,105.5280728120091,5
177,2,,92.59446566440073,2
177,,3,99.23757802257744,3
177,4,,101.88341933055189,4
177,5,,96.67124921191237,5
177,,5,98.62420374144597,5
177,6,,96.67124921191237,2
177,,6,98.62420374144597,2
177,7,,96.67124921191237,1
177,,7,98.62420374144597,2
177,,8,97.64772647667917,1
177,,9,97.64772647667917,1
177,,10,97.64772647667917,1
177,,11,97.64772647667917,1
177,,12,97.64772647667917,1
177,13,,98.82386323833958,23
177,14,,98.82386323833958,23
178,1,,97.16660876901311,4
178,2,,108.08206034744654,3
178,3,,96.24598303471116,1
178,,4,91.65095412108653,2
178,5,,97.31212300083484,1
178,,5,99.27802447559918,1
178,6,,97.31212300083484,5
178,,6,99.27802447559918,1
178,7,,97.31212300083484,4
178,,7,99.27802447559918,2
178,,8,98.29507373821701,1
178,,9,98.29507373821701,1
178,,10,98.29507373821701,1
178,,11,98.29507373821701,1
178,,12,98.29507373821701,1
178,13,,99.1475368691085,17
178,14,,99.1475368691085,17
179,1,,103.40267280441329,2
179,,2,106.01427323919316,4
179,3,,93.06157446639754,5
179,,4,107.13775550229478,1
179,5,,97.40938977762076,1
179,,5,99.3772562377747,2
179,6,,97.40938977762076,1
179,,6,99.3772562377747,4
179,7,,97.40938977762076,3
179,,7,99.3772562377747,4
179,,8,98.39332300769773,1
179,,9,98.39332300769773,1
179,,10,98.39332300769773,1
179,,11,98.39332300769773,1
179,,12,98.39332300769773,1
179,13,,99.19666150384887,16
179,14,,99.19666150384887,16
180,,1,98.98555915434038,5
180,2,,108.73910730229733,5
180,,3,96.73262153664625,4
180,,4,102.41493772035199,1
180,5,,98.43722297550734,4
180,,5,100.42585374268931,5
180,6,,98.43722297550734,5
180,,6,100.42585374268931,1
180,7,,98.43722297550734,1
180,,7,100.42585374268931,1
180,,8,99.43153835909833,1
180,,9,99.43153835909833,1
180,,10,99.43153835909833,1
180,,11,99.43153835909833,1
180,,12,99.43153835909833,1
180,13,,99.71576917954917,5
180,14,,99.71576917954917,5
181,1,,109.24667954844247,2
181,2,,90.78407234870018,4
181,3,,96.31078430066276,4
181,4,,98.73302542721305,2
181,5,,99.00295171544633,3
181,,5,101.00301134606141,1
181,6,,99.00295171544633,3
181,,6,101.00301134606141,1
181,7,,99.00295171544633,1
181,,7,101.00301134606141,5
181,,8,100.00298153075387,1
181,,9,100.00298153075387,1
181,,10,100.00298153075387,1
181,,11,100.00298153075387,1
181,,12,100.00298153075387,1
181,,13,100.00149076537693,1
181,,14,100.00149076537693,1
182,,1,101.61243865991706,2
182,,2,99.61317071121464,4
182,3,,92.21427293724105,3
182,,4,90.14390754655213,3
182,5,,98.71524921141906,4
182,,5,100.70949667023561,2
182,6,,98.71524921141906,5
182,,6,100.70949667023561,1
182,7,,98.71524921141906,1
182,,7,100.70949667023561,5
182,,8,99.71237294082734,1
182,,9,99.71237294082734,1
182,,10,99.71237294082734,1
182,,11,99.71237294082734,1
182,,12,99.71237294082734,1
182,13,,99.85618647041366,2
182,14,,99.85618647041366,2
183,,1,98.55822119468979,5
183,2,,104.08123464933131,4
183,,3,99.65630992714745,3
183,,4,93.29225142760568,1
183,5,,97.84299661725909,4
183,,5,99.81962281154715,2
183,6,,97.84299661725909,1
183,,6,99.81962281154715,5
183,7,,97.84299661725909,5
183,,7,99.81962281154715,2
183,,8,98.83130971440312,1
183,,9,98.83130971440312,1
183,,10,98.83130971440312,1
183,,11,98.83130971440312,1
183,,12,98.83130971440312,1
183,13,,99.41565485720156,11
183,14,,99.41565485720156,11
184,,1,102.24837185972666,4
184,,2,97.38837831950036,5
184,,3,100.34335997603606,2
184,,4,95.84778566343311,4
184,5,,97.92635861375857,2
184,,5,99.90466888878399,3
184,6,,97.92635861375857,4
184,,6,99.90466888878399,5
184,7,,97.92635861375857,2
184,,7,99.90466888878399,5
184,,8,98.91551375127128,1
184,,9,98.91551375127128,1
184,,10,98.91551375127128,1
184,,11,98.91551375127128,1
184,,12,98.91551375127128,1
184,13,,99.45775687563564,10
184,14,,99.45775687563564,10
185,1,,102.91647688790307,1
185,,2,104.64251875318179,1
185,,3,91.59313885752613,2
185,,4,107.03262200517828,5
185,5,,97.99917177797717,3
185,,5,99.97895302601712,2
185,6,,97.99917177797717,2
185,,6,99.97895302601712,4
185,7,,97.99917177797717,3
185,,7,99.97895302601712,2
185,,8,98.98906240199715,1
185,,9,98.98906240199715,1
185,,10,98.98906240199715,1
185,,11,98.98906240199715,1
185,,12,98.98906240199715,1
185,13,,99.49453120099858,10
185,14,,99.49453120099858,10
186,1,,98.79818989151862,4
186,2,,102.52297885661822,4
186,3,,101.11950623692508,3
186,4,,93.94820072328085,4
186,5,,98.65370413379279,1
186,,5,100.64670825770779,5
186,6,,98.65370413379279,5
186,,6,100.64670825770779,5
186,7,,98.65370413379279,5
186,,7,100.64670825770779,2
186,,8,99.65020619575029,1
186,,9,99.65020619575029,1
186,,10,99.65020619575029,1
186,,11,99.65020619575029,1
186,,12,99.65020619575029,1
186,13,,99.82510309787514,3
186,14,,99.82510309787514,3
187,1,,106.88462405962169,5
187,,2,100.12586328413178,3
187,3,,92.48008224421476,2
187,4,,97.90234419211417,2
187,5,,98.54526097392781,3
187,,5,100.53607432693644,5
187,6,,98.54526097392781,2
187,,6,100.53607432693644,3
187,7,,98.54526097392781,3
187,,7,100.53607432693644,2
187,,8,99.54066765043213,1
187,,9,99.54066765043213,1
187,,10,99.54066765043213,1
187,,11,99.54066765043213,1
187,,12,99.54066765043213,1
187,13,,99.77033382521606,4
187,14,,99.77033382521606,4
188,,1,101.21951113303314,5
188,2,,93.96989887855544,3
188,,3,99.82175152759241,3
188,4,,105.96811158937194,4
188,5,,98.52718331349502,2
188,,5,100.51763146124239,1
188,6,,98.52718331349502,5
188,,6,100.51763146124239,3
188,7,,98.52718331349502,5
188,,7,100.51763146124239,4
188,,8,99.5224073873687,1
188,,9,99.5224073873687,1
188,,10,99.5224073873687,1
188,,11,99.5224073873687,1
188,,12,99.5224073873687,1
188,13,,99.76120369368435,4
188,14,,99.76120369368435,4
189,1,,94.75314409289915,5
189,,2,93.04031512591337,3
189,3,,92.9001036192608,1
189,,4,103.22724763948038,1
189,5,,98.7232753034828,5
189,,5,100.71768490557336,3
189,6,,98.7232753034828,3
189,,6,100.71768490557336,1
189,7,,98.7232753034828,3
189,,7,100.71768490557336,5
189,,8,99.68753709471996,1
189,,9,99.68753709471996,1
189,,10,99.68753709471996,1
189,,11,99.68753709471996,1
189,,12,99.68753709471996,1
189,13,,99.86024005226403,2
189,14,,99.86024005226403,2
190,1,,99.57734743484973,2
190,,2,100.72170161620762,2
190,,3,101.6314369553976,3
190,,4,100.71416593010676,5
190,5,,97.85869635976597,3
190,,5,99.83563972056932,3
190,6,,97.85869635976597,2
190,,6,99.83563972056932,4
190,7,,97.85869635976597,3
190,,7,99.83563972056932,5
190,,8,98.84716804016765,1
190,,9,98.84716804016765,1
190,,10,98.84716804016765,1
190,,11,98.84716804016765,1
190,,12,98.84716804016765,1
190,13,,99.42358402008382,11
190,14,,99.42358402008382,11
191,,1,98.09808910866303,3
191,2,,99.91122847458313,3
191,3,,93.66481847420664,2
191,4,,96.07479210068355,1
191,5,,98.34838598437574,5
191,,5,100.33522206486819,4
191,6,,98.34838598437574,2
191,,6,100.33522206486819,4
191,7,,98.34838598437574,3
191,,7,100.33522206486819,1
191,,8,99.34180402462196,1
191,,9,99.34180402462196,1
191,,10,99.34180402462196,1
191,,11,99.34180402462196,1
191,,12,99.34180402462196,1
191,13,,99.67090201231099,6
191,14,,99.67090201231099,6
192,,1,98.33424046399746,4
192,,2,108.13978943440992,4
192,3,,90.20256263301421,3
192,4,,98.03935481534748,4
192,5,,97.82659239347434,3
192,,5,99.8028871893021,5
192,6,,97.82659239347434,4
192,,6,99.8028871893021,5
192,7,,97.82659239347434,3
192,,7,99.8028871893021,5
192,,8,98.81473979138822,1
192,,9,98.81473979138822,1
192,,10,98.81473979138822,1
192,,11,98.81473979138822,1
192,,12,98.81473979138822,1
192,13,,99.4073698956941,11
192,14,,99.4073698956941,11
193,,1,94.33134791282593,1
193,2,,89.91711930493688,1
193,3,,100.88444192308603,1
193,,4,92.32928802488259,3
193,5,,97.86399391735256,2
193,,5,99.84104429952129,3
193,6,,97.86399391735256,5
193,,6,99.84104429952129,4
193,7,,97.86399391735256,2
193,,7,99.84104429952129,3
193,,8,98.83210489333878,1
193,,9,98.83210489333878,1
193,,10,98.83210489333878,1
193,,11,98.83210489333878,1
193,,12,98.83210489333878,1
193,13,,99.42625955421846,11
193,14,,99.42625955421846,11
194,,1,88.23164116630862,4
194,,2,93.2241398832627,4
194,3,,96.70649733271102,5
194,4,,107.10240464442757,1
194,5,,96.87967363750406,4
194,,5,98.83683876149405,1
194,6,,96.87967363750406,4
194,,6,98.83683876149405,5
194,7,,96.87967363750406,4
194,,7,98.83683876149405,4
194,,8,97.85825619949905,1
194,,9,97.85825619949905,1
194,,10,97.85825619949905,1
194,,11,97.85825619949905,1
194,,12,97.85825619949905,1
194,13,,98.92912809974953,21
194,14,,98.92912809974953,21
195,1,,90.29555321060795,4
195,2,,90.86511486881984,4
195,,3,90.08957660303545,5
195,,4,101.28004009244349,3
195,5,,96.64518352038185,4
195,,5,98.59761147028856,5
195,6,,96.64518352038185,4
195,,6,98.59761147028856,5
195,7,,96.64518352038185,4
195,,7,98.59761147028856,3
195,8,,97.83917961557256,4
195,9,,97.83917961557256,4
195,10,,97.83917961557256,4
195,11,,97.83917961557256,4
195,12,,97.83917961557256,4
195,13,,98.8106987476676,23
195,14,,98.8106987476676,23
196,,1,96.68234691445129,5
196,2,,89.39396215080745,5
196,3,,101.39209104004567,2
196,4,,96.51991976371555,1
196,5,,95.8014826862891,5
196,,5,97.73686617490101,4
196,6,,95.8014826862891,5
196,,6,97.73686617490101,3
196,7,,95.8014826862891,3
196,,7,97.73686617490101,4
196,,8,96.66083043569333,2
196,,9,96.66083043569333,2
196,,10,96.66083043569333,2
196,,11,96.66083043569333,2
196,,12,96.66083043569333,2
196,13,,98.38458721529753,32
196,14,,98.38458721529753,32
197,,1,95.67046365547178,2
197,,2,87.8371940512955,2
197,,3,95.60020542900584,1
197,,4,100.80511684691484,1
197,5,,95.77823094888444,4
197,,5,97.71314470542757,5
197,6,,95.77823094888444,1
197,,6,97.71314470542757,3
197,7,,95.77823094888444,2
197,,7,97.71314470542757,2
197,,8,96.745687827156,1
197,,9,96.745687827156,1
197,,10,96.745687827156,1
197,,11,96.745687827156,1
197,,12,96.745687827156,1
197,13,,98.37284391357801,32
197,14,,98.37284391357801,32
198,,1,92.97692923485846,2
198,2,,101.55438728853785,3
198,,3,91.93397418945045,5
198,4,,94.42968997674159,4
198,5,,95.55603656291025,3
198,,5,97.48646154397916,1
198,6,,95.55603656291025,3
198,,6,97.48646154397916,1
198,7,,95.55603656291025,5
198,,7,97.48646154397916,3
198,,8,96.5212490534447,1
198,,9,96.5212490534447,1
198,,10,96.5212490534447,1
198,,11,96.5212490534447,1
198,,12,96.5212490534447,1
198,13,,98.26062452672235,34
198,14,,98.26062452672235,34
199,1,,91.31298155426995,2
199,,2,103.54061495090106,3
199,,3,89.08987209660089,2
199,,4,97.97687234880334,4
199,5,,95.45638056691855,3
199,,5,97.38479229554316,1
199,6,,95.45638056691855,1
199,,6,97.38479229554316,2
199,7,,95.45638056691855,2
199,,7,97.38479229554316,2
199,,8,96.42058643123086,1
199,,9,96.42058643123086,1
199,,10,96.42058643123086,1
199,,11,96.42058643123086,1
199,,12,96.42058643123086,1
199,13,,98.21029321561542,35
199,14,,98.21029321561542,35
200,1,,103.91854346604937,5
200,2,,92.63746647156216,4
200,3,,101.68012084675156,2
200,,4,104.5019178742009,3
200,5,,95.44574731435836,2
200,,5,97.37394422979995,5
200,6,,95.44574731435836,2
200,,6,97.37394422979995,1
200,7,,95.44574731435836,2
200,,7,97.37394422979995,4
200,,8,96.40984577207915,1
200,,9,96.40984577207915,1
200,,10,96.40984577207915,1
200,,11,96.40984577207915,1
200,,12,96.40984577207915,1
200,13,,98.20492288603958,35
200,14,,98.20492288603958,35
201,1,,106.24772941119689,2
201,2,,100.51002216682727,2
201,3,,105.09467949084572,2
201,,4,101.51733560029248,4
201,5,,96.6505668202517,5
201,,5,98.60310352369112,1
201,6,,96.6505668202517,4
201,,6,98.60310352369112,1
201,7,,96.6505668202517,2
201,,7,98.60310352369112,3
201,,8,97.22702647432641,7
201,,9,97.22702647432641,7
201,,10,97.22702647432641,7
201,,11,97.22702647432641,7
201,,12,97.22702647432641,7
201,13,,98.8134175859857,23
201,14,,98.8134175859857,23
202,1,,108.01021448631401,5
202,2,,95.37660784808756,3
202,3,,103.91301025364197,4
202,4,,90.4147095994358,3
202,5,,98.00375398777342,2
202,,5,99.98362780570824,5
202,6,,98.00375398777342,3
202,,6,99.98362780570824,3
202,7,,98.00375398777342,2
202,,7,99.98362780570824,5
202,,8,98.99369089674083,1
202,,9,98.99369089674083,1
202,,10,98.99369089674083,1
202,,11,98.99369089674083,1
202,,12,98.99369089674083,1
202,13,,99.49684544837041,10
202,14,,99.49684544837041,10
203,1,,99.65162947905549,3
203,2,,105.48527219938173,5
203,3,,101.35423954505407,2
203,,4,95.66904428388555,1
203,5,,98.16367321287562,5
203,,5,100.14677772222664,3
203,6,,98.16367321287562,2
203,,6,100.14677772222664,1
203,7,,98.16367321287562,3
203,,7,100.14677772222664,3
203,,8,99.03890724517986,2
203,,9,99.03890724517986,2
203,,10,99.03890724517986,2
203,,11,99.03890724517986,2
203,,12,99.03890724517986,2
203,13,,99.57761273377557,8
203,14,,99.57761273377557,8
204,,1,98.31561624161851,4
204,,2,95.24892174351865,5
204,,3,92.28133765958192,1
204,4,,90.5477804310915,2
204,5,,98.5015815885925,4
204,,5,100.4915125297762,1
204,6,,98.5015815885925,1
204,,6,100.4915125297762,5
204,7,,98.5015815885925,5
204,,7,100.4915125297762,1
204,,8,99.03761163695515,9
204,,9,99.03761163695515,9
204,,10,99.03761163695515,9
204,,11,99.03761163695515,9
204,,12,99.03761163695515,9
204,13,,99.74827352959218,5
204,14,,99.74827352959218,5
205,,1,98.07978232353165,2
205,2,,99.86631939552068,1
205,,3,101.17390564786275,1
205,4,,101.72805325911213,4
205,5,,97.13982166106635,1
205,,5,99.10224230068386,4
205,6,,97.13982166106635,4
205,,6,99.10224230068386,3
205,7,,97.13982166106635,3
205,,7,99.10224230068386,3
205,,8,98.1210319808751,1
205,,9,98.1210319808751,1
205,,10,98.1210319808751,1
205,,11,98.1210319808751,1
205,,12,98.1210319808751,1
205,13,,99.06051599043755,18
205,14,,99.06051599043755,18
206,1,,93.52938903952726,1
206,,2,97.67973902392009,4
206,3,,101.72898067503219,5
206,4,,108.22643081186268,5
206,5,,97.73631999720959,3
206,,5,99.71079110826435,3
206,6,,97.73631999720959,2
206,,6,99.71079110826435,4
206,7,,97.73631999720959,1
206,,7,99.71079110826435,2
206,,8,98.72355555273697,1
206,,9,98.72355555273697,1
206,,10,98.72355555273697,1
206,,11,98.72355555273697,1
206,,12,98.72355555273697,1
206,13,,99.36177777636848,12
206,14,,99.36177777636848,12
207,1,,95.94613547752783,4
207,2,,106.9559084409885,2
207,3,,98.56810851881245,2
207,4,,92.76576003791044,5
207,5,,98.17580788949141,4
207,,5,100.15915754382456,2
207,6,,98.17580788949141,4
207,,6,100.15915754382456,5
207,7,,98.17580788949141,3
207,,7,100.15915754382456,5
207,,8,99.16748271665799,1
207,,9,99.16748271665799,1
207,,10,99.16748271665799,1
207,,11,99.16748271665799,1
207,,12,99.16748271665799,1
207,13,,99.583741358329,8
207,14,,99.583741358329,8
208,,1,92.24251591777312,4
208,,2,99.26051815686712,5
208,,3,97.06028971683423,3
208,,4,104.87259969107636,3
208,5,,98.08254400143433,1
208,,5,100.06400953681684,1
208,6,,98.08254400143433,3
208,,6,100.06400953681684,1
208,7,,98.08254400143433,5
208,,7,100.06400953681684,5
208,,8,98.78553553527395,5
208,,9,98.78553553527395,5
208,,10,98.78553553527395,5
208,,11,98.78553553527395,5
208,,12,98.78553553527395,5
208,13,,99.53663838456279,9
208,14,,99.53663838456279,9
209,,1,89.86420944343598,2
209,,2,92.86928721718212,1
209,3,,104.7244274415354,5
209,4,,91.10855428129776,4
209,5,,97.88633959749245,4
209,,5,99.8638414075428,3
209,6,,97.88633959749245,4
209,,6,99.8638414075428,2
209,7,,97.88633959749245,5
209,,7,99.8638414075428,4
